%YAML 1.1
%TAG !u! tag:unity3d.com,2011:
--- !u!1102 &-5858263829411636966
AnimatorState:
  serializedVersion: 6
  m_ObjectHideFlags: 1
  m_CorrespondingSourceObject: {fileID: 0}
  m_PrefabInstance: {fileID: 0}
  m_PrefabAsset: {fileID: 0}
  m_Name: Idle
  m_Speed: 1
  m_CycleOffset: 0
  m_Transitions: []
  m_StateMachineBehaviours: []
  m_Position: {x: 50, y: 50, z: 0}
  m_IKOnFeet: 0
  m_WriteDefaultValues: 1
  m_Mirror: 0
  m_SpeedParameterActive: 0
  m_MirrorParameterActive: 0
  m_CycleOffsetParameterActive: 0
  m_TimeParameterActive: 0
  m_Motion: {fileID: 7400000, guid: b8e8c3c8ff4707946868ff697b316c0c, type: 2}
  m_Tag: 
  m_SpeedParameter: 
  m_MirrorParameter: 
  m_CycleOffsetParameter: 
  m_TimeParameter: 
--- !u!206 &-4330660586423177067
BlendTree:
  m_ObjectHideFlags: 1
  m_CorrespondingSourceObject: {fileID: 0}
  m_PrefabInstance: {fileID: 0}
  m_PrefabAsset: {fileID: 0}
  m_Name: Blend Tree
  m_Childs:
  - serializedVersion: 2
    m_Motion: {fileID: 7400000, guid: b8e8c3c8ff4707946868ff697b316c0c, type: 2}
    m_Threshold: 0
    m_Position: {x: 0, y: 0}
    m_TimeScale: 1
    m_CycleOffset: 0
    m_DirectBlendParameter: horizontal_f
    m_Mirror: 0
  - serializedVersion: 2
    m_Motion: {fileID: 7400000, guid: fbf8a6e00b6378c4b9ad1e71536be763, type: 2}
    m_Threshold: 0.11111111
    m_Position: {x: 0, y: 1}
    m_TimeScale: 1
    m_CycleOffset: 0
    m_DirectBlendParameter: horizontal_f
    m_Mirror: 0
  - serializedVersion: 2
    m_Motion: {fileID: 7400000, guid: 76ca49efd780ff14091acfbf303e69bd, type: 2}
    m_Threshold: 0.22222222
    m_Position: {x: -1, y: 1}
    m_TimeScale: 1
    m_CycleOffset: 0
    m_DirectBlendParameter: horizontal_f
    m_Mirror: 0
  - serializedVersion: 2
    m_Motion: {fileID: 7400000, guid: 7a5a5ccaac35998469a7cbf400b3440d, type: 2}
    m_Threshold: 0.33333334
    m_Position: {x: 1, y: 1}
    m_TimeScale: 1
    m_CycleOffset: 0
    m_DirectBlendParameter: horizontal_f
    m_Mirror: 0
  - serializedVersion: 2
    m_Motion: {fileID: 7400000, guid: 8e00c4ad640845749900616a22bc8d7c, type: 2}
    m_Threshold: 0.44444445
    m_Position: {x: -1, y: 0}
    m_TimeScale: 1
    m_CycleOffset: 0
    m_DirectBlendParameter: horizontal_f
    m_Mirror: 0
  - serializedVersion: 2
    m_Motion: {fileID: 7400000, guid: 9680ee5c508b14c48bd5c203a2bf5ca8, type: 2}
    m_Threshold: 0.5555556
    m_Position: {x: 1, y: 0}
    m_TimeScale: 1
    m_CycleOffset: 0
    m_DirectBlendParameter: horizontal_f
    m_Mirror: 0
  - serializedVersion: 2
    m_Motion: {fileID: 7400000, guid: 6f68fa0707aad2e42a1cf20506b7c21b, type: 2}
    m_Threshold: 0.6666667
    m_Position: {x: 0, y: -1}
    m_TimeScale: 1
    m_CycleOffset: 0
    m_DirectBlendParameter: horizontal_f
    m_Mirror: 0
  - serializedVersion: 2
    m_Motion: {fileID: 7400000, guid: ea5283e20e3818f4cb09c2cd56351a11, type: 2}
    m_Threshold: 0.7777778
    m_Position: {x: -1, y: -1}
    m_TimeScale: 1
    m_CycleOffset: 0
    m_DirectBlendParameter: horizontal_f
    m_Mirror: 0
  - serializedVersion: 2
    m_Motion: {fileID: 7400000, guid: 64cc55d7e64d2e44d81425cd2669c34a, type: 2}
    m_Threshold: 0.8888889
    m_Position: {x: 1, y: -1}
    m_TimeScale: 1
    m_CycleOffset: 0
    m_DirectBlendParameter: horizontal_f
    m_Mirror: 0
  m_BlendParameter: horizontal_f
  m_BlendParameterY: vertical_f
  m_MinThreshold: 0
  m_MaxThreshold: 0.8888889
  m_UseAutomaticThresholds: 1
  m_NormalizedBlendValues: 0
  m_BlendType: 2
--- !u!91 &9100000
AnimatorController:
  m_ObjectHideFlags: 0
  m_CorrespondingSourceObject: {fileID: 0}
  m_PrefabInstance: {fileID: 0}
  m_PrefabAsset: {fileID: 0}
  m_Name: AC Player
  serializedVersion: 5
  m_AnimatorParameters:
  - m_Name: isWalking
    m_Type: 4
    m_DefaultFloat: 0
    m_DefaultInt: 0
    m_DefaultBool: 0
    m_Controller: {fileID: 9100000}
  - m_Name: horizontal_f
    m_Type: 1
    m_DefaultFloat: 0
    m_DefaultInt: 0
    m_DefaultBool: 0
    m_Controller: {fileID: 9100000}
  - m_Name: vertical_f
    m_Type: 1
    m_DefaultFloat: 0
    m_DefaultInt: 0
    m_DefaultBool: 0
    m_Controller: {fileID: 9100000}
  m_AnimatorLayers:
  - serializedVersion: 5
    m_Name: Base Layer
    m_StateMachine: {fileID: 773626503340930003}
    m_Mask: {fileID: 0}
    m_Motions: []
    m_Behaviours: []
    m_BlendingMode: 0
    m_SyncedLayerIndex: -1
    m_DefaultWeight: 0
    m_IKPass: 0
    m_SyncedLayerAffectsTiming: 0
    m_Controller: {fileID: 9100000}
--- !u!1102 &105850473337553423
AnimatorState:
  serializedVersion: 6
  m_ObjectHideFlags: 1
  m_CorrespondingSourceObject: {fileID: 0}
  m_PrefabInstance: {fileID: 0}
  m_PrefabAsset: {fileID: 0}
  m_Name: Interacting
  m_Speed: 1
  m_CycleOffset: 0
  m_Transitions: []
  m_StateMachineBehaviours: []
  m_Position: {x: 50, y: 50, z: 0}
  m_IKOnFeet: 0
  m_WriteDefaultValues: 1
  m_Mirror: 0
  m_SpeedParameterActive: 0
  m_MirrorParameterActive: 0
  m_CycleOffsetParameterActive: 0
  m_TimeParameterActive: 0
  m_Motion: {fileID: 0}
  m_Tag: 
  m_SpeedParameter: 
  m_MirrorParameter: 
  m_CycleOffsetParameter: 
  m_TimeParameter: 
--- !u!1107 &773626503340930003
AnimatorStateMachine:
  serializedVersion: 6
  m_ObjectHideFlags: 1
  m_CorrespondingSourceObject: {fileID: 0}
  m_PrefabInstance: {fileID: 0}
  m_PrefabAsset: {fileID: 0}
  m_Name: Base Layer
  m_ChildStates:
  - serializedVersion: 1
    m_State: {fileID: -5858263829411636966}
    m_Position: {x: 340, y: 70, z: 0}
  - serializedVersion: 1
    m_State: {fileID: 105850473337553423}
    m_Position: {x: 340, y: 20, z: 0}
  - serializedVersion: 1
    m_State: {fileID: 1446263188246050381}
    m_Position: {x: 340, y: 180, z: 0}
  m_ChildStateMachines: []
  m_AnyStateTransitions: []
  m_EntryTransitions: []
  m_StateMachineTransitions: {}
  m_StateMachineBehaviours: []
  m_AnyStatePosition: {x: 50, y: 20, z: 0}
  m_EntryPosition: {x: 50, y: 120, z: 0}
  m_ExitPosition: {x: 800, y: 120, z: 0}
  m_ParentStateMachinePosition: {x: 800, y: 20, z: 0}
  m_DefaultState: {fileID: 1446263188246050381}
--- !u!1102 &1446263188246050381
AnimatorState:
  serializedVersion: 6
  m_ObjectHideFlags: 1
  m_CorrespondingSourceObject: {fileID: 0}
  m_PrefabInstance: {fileID: 0}
  m_PrefabAsset: {fileID: 0}
  m_Name: Blend Tree
  m_Speed: 1
  m_CycleOffset: 0
  m_Transitions: []
  m_StateMachineBehaviours: []
  m_Position: {x: 50, y: 50, z: 0}
  m_IKOnFeet: 0
  m_WriteDefaultValues: 1
  m_Mirror: 0
  m_SpeedParameterActive: 0
  m_MirrorParameterActive: 0
  m_CycleOffsetParameterActive: 0
  m_TimeParameterActive: 0
  m_Motion: {fileID: -4330660586423177067}
  m_Tag: 
  m_SpeedParameter: 
  m_MirrorParameter: 
  m_CycleOffsetParameter: 
  m_TimeParameter: 
