%YAML 1.1
%TAG !u! tag:unity3d.com,2011:
--- !u!1 &3511698637879152892
GameObject:
  m_ObjectHideFlags: 0
  m_CorrespondingSourceObject: {fileID: 0}
  m_PrefabInstance: {fileID: 0}
  m_PrefabAsset: {fileID: 0}
  serializedVersion: 6
  m_Component:
  - component: {fileID: 4562750240554402904}
  m_Layer: 0
  m_Name: Road_with_Sideway
  m_TagString: Untagged
  m_Icon: {fileID: 0}
  m_NavMeshLayer: 0
  m_StaticEditorFlags: 0
  m_IsActive: 1
--- !u!4 &4562750240554402904
Transform:
  m_ObjectHideFlags: 0
  m_CorrespondingSourceObject: {fileID: 0}
  m_PrefabInstance: {fileID: 0}
  m_PrefabAsset: {fileID: 0}
  m_GameObject: {fileID: 3511698637879152892}
  m_LocalRotation: {x: 0, y: 0, z: 0, w: 1}
  m_LocalPosition: {x: 0, y: 0, z: 0}
  m_LocalScale: {x: 1, y: 1, z: 1}
  m_Children:
  - {fileID: 1064435005498005689}
  - {fileID: 2972877620064969330}
  - {fileID: 7151202169901741338}
  - {fileID: 3860045992089626249}
  - {fileID: 943094390036878770}
  m_Father: {fileID: 0}
  m_RootOrder: 0
  m_LocalEulerAnglesHint: {x: 0, y: 0, z: 0}
--- !u!1001 &938642989115605122
PrefabInstance:
  m_ObjectHideFlags: 0
  serializedVersion: 2
  m_Modification:
    m_TransformParent: {fileID: 4562750240554402904}
    m_Modifications:
    - target: {fileID: 1442747450203514, guid: 8d6397ba5d9c4b247893fd75caaf5d88, type: 3}
      propertyPath: m_Name
      value: Sideway 5 prefab (3)
      objectReference: {fileID: 0}
    - target: {fileID: 4558070733231408, guid: 8d6397ba5d9c4b247893fd75caaf5d88, type: 3}
      propertyPath: m_RootOrder
      value: 4
      objectReference: {fileID: 0}
    - target: {fileID: 4558070733231408, guid: 8d6397ba5d9c4b247893fd75caaf5d88, type: 3}
      propertyPath: m_LocalPosition.x
      value: -3
      objectReference: {fileID: 0}
    - target: {fileID: 4558070733231408, guid: 8d6397ba5d9c4b247893fd75caaf5d88, type: 3}
      propertyPath: m_LocalPosition.y
      value: 0
      objectReference: {fileID: 0}
    - target: {fileID: 4558070733231408, guid: 8d6397ba5d9c4b247893fd75caaf5d88, type: 3}
      propertyPath: m_LocalPosition.z
      value: 1
      objectReference: {fileID: 0}
    - target: {fileID: 4558070733231408, guid: 8d6397ba5d9c4b247893fd75caaf5d88, type: 3}
      propertyPath: m_LocalRotation.w
      value: 0
      objectReference: {fileID: 0}
    - target: {fileID: 4558070733231408, guid: 8d6397ba5d9c4b247893fd75caaf5d88, type: 3}
      propertyPath: m_LocalRotation.x
      value: 0
      objectReference: {fileID: 0}
    - target: {fileID: 4558070733231408, guid: 8d6397ba5d9c4b247893fd75caaf5d88, type: 3}
      propertyPath: m_LocalRotation.y
      value: 1
      objectReference: {fileID: 0}
    - target: {fileID: 4558070733231408, guid: 8d6397ba5d9c4b247893fd75caaf5d88, type: 3}
      propertyPath: m_LocalRotation.z
      value: 0
      objectReference: {fileID: 0}
    - target: {fileID: 4558070733231408, guid: 8d6397ba5d9c4b247893fd75caaf5d88, type: 3}
      propertyPath: m_LocalEulerAnglesHint.x
      value: 0
      objectReference: {fileID: 0}
    - target: {fileID: 4558070733231408, guid: 8d6397ba5d9c4b247893fd75caaf5d88, type: 3}
      propertyPath: m_LocalEulerAnglesHint.y
      value: 180
      objectReference: {fileID: 0}
    - target: {fileID: 4558070733231408, guid: 8d6397ba5d9c4b247893fd75caaf5d88, type: 3}
      propertyPath: m_LocalEulerAnglesHint.z
      value: 0
      objectReference: {fileID: 0}
    m_RemovedComponents: []
  m_SourcePrefab: {fileID: 100100000, guid: 8d6397ba5d9c4b247893fd75caaf5d88, type: 3}
--- !u!4 &943094390036878770 stripped
Transform:
  m_CorrespondingSourceObject: {fileID: 4558070733231408, guid: 8d6397ba5d9c4b247893fd75caaf5d88,
    type: 3}
  m_PrefabInstance: {fileID: 938642989115605122}
  m_PrefabAsset: {fileID: 0}
--- !u!1001 &1068965435901014891
PrefabInstance:
  m_ObjectHideFlags: 0
  serializedVersion: 2
  m_Modification:
    m_TransformParent: {fileID: 4562750240554402904}
    m_Modifications:
    - target: {fileID: 1573730805894322, guid: 2224b63330275e5478ef024b2913f937, type: 3}
      propertyPath: m_Name
      value: Street 3 Prefab (1)
      objectReference: {fileID: 0}
    - target: {fileID: 4040797355963638, guid: 2224b63330275e5478ef024b2913f937, type: 3}
      propertyPath: m_LocalPosition.x
      value: 0
      objectReference: {fileID: 0}
    - target: {fileID: 4040797355963638, guid: 2224b63330275e5478ef024b2913f937, type: 3}
      propertyPath: m_LocalPosition.y
      value: -0
      objectReference: {fileID: 0}
    - target: {fileID: 4040797355963638, guid: 2224b63330275e5478ef024b2913f937, type: 3}
      propertyPath: m_LocalPosition.z
      value: 0
      objectReference: {fileID: 0}
    - target: {fileID: 4040797355963638, guid: 2224b63330275e5478ef024b2913f937, type: 3}
      propertyPath: m_LocalRotation.w
      value: 0.5
      objectReference: {fileID: 0}
    - target: {fileID: 4040797355963638, guid: 2224b63330275e5478ef024b2913f937, type: 3}
      propertyPath: m_LocalRotation.x
      value: -0.5
      objectReference: {fileID: 0}
    - target: {fileID: 4040797355963638, guid: 2224b63330275e5478ef024b2913f937, type: 3}
      propertyPath: m_LocalRotation.y
      value: 0.5
      objectReference: {fileID: 0}
    - target: {fileID: 4040797355963638, guid: 2224b63330275e5478ef024b2913f937, type: 3}
      propertyPath: m_LocalRotation.z
      value: 0.5
      objectReference: {fileID: 0}
    - target: {fileID: 4040797355963638, guid: 2224b63330275e5478ef024b2913f937, type: 3}
      propertyPath: m_LocalEulerAnglesHint.x
      value: -90
      objectReference: {fileID: 0}
    - target: {fileID: 4040797355963638, guid: 2224b63330275e5478ef024b2913f937, type: 3}
      propertyPath: m_LocalEulerAnglesHint.z
      value: 90
      objectReference: {fileID: 0}
    - target: {fileID: 4533943726500818, guid: 2224b63330275e5478ef024b2913f937, type: 3}
      propertyPath: m_RootOrder
      value: 0
      objectReference: {fileID: 0}
    - target: {fileID: 4533943726500818, guid: 2224b63330275e5478ef024b2913f937, type: 3}
      propertyPath: m_LocalPosition.x
      value: 0
      objectReference: {fileID: 0}
    - target: {fileID: 4533943726500818, guid: 2224b63330275e5478ef024b2913f937, type: 3}
      propertyPath: m_LocalPosition.y
      value: 0
      objectReference: {fileID: 0}
    - target: {fileID: 4533943726500818, guid: 2224b63330275e5478ef024b2913f937, type: 3}
      propertyPath: m_LocalPosition.z
      value: 0
      objectReference: {fileID: 0}
    - target: {fileID: 4533943726500818, guid: 2224b63330275e5478ef024b2913f937, type: 3}
      propertyPath: m_LocalRotation.w
      value: 1
      objectReference: {fileID: 0}
    - target: {fileID: 4533943726500818, guid: 2224b63330275e5478ef024b2913f937, type: 3}
      propertyPath: m_LocalRotation.x
      value: 0
      objectReference: {fileID: 0}
    - target: {fileID: 4533943726500818, guid: 2224b63330275e5478ef024b2913f937, type: 3}
      propertyPath: m_LocalRotation.y
      value: 0
      objectReference: {fileID: 0}
    - target: {fileID: 4533943726500818, guid: 2224b63330275e5478ef024b2913f937, type: 3}
      propertyPath: m_LocalRotation.z
      value: 0
      objectReference: {fileID: 0}
    - target: {fileID: 4533943726500818, guid: 2224b63330275e5478ef024b2913f937, type: 3}
      propertyPath: m_LocalEulerAnglesHint.x
      value: 0
      objectReference: {fileID: 0}
    - target: {fileID: 4533943726500818, guid: 2224b63330275e5478ef024b2913f937, type: 3}
      propertyPath: m_LocalEulerAnglesHint.y
      value: 0
      objectReference: {fileID: 0}
    - target: {fileID: 4533943726500818, guid: 2224b63330275e5478ef024b2913f937, type: 3}
      propertyPath: m_LocalEulerAnglesHint.z
      value: 0
      objectReference: {fileID: 0}
    m_RemovedComponents: []
  m_SourcePrefab: {fileID: 100100000, guid: 2224b63330275e5478ef024b2913f937, type: 3}
--- !u!4 &1064435005498005689 stripped
Transform:
  m_CorrespondingSourceObject: {fileID: 4533943726500818, guid: 2224b63330275e5478ef024b2913f937,
    type: 3}
  m_PrefabInstance: {fileID: 1068965435901014891}
  m_PrefabAsset: {fileID: 0}
--- !u!1001 &2977435686212482882
PrefabInstance:
  m_ObjectHideFlags: 0
  serializedVersion: 2
  m_Modification:
    m_TransformParent: {fileID: 4562750240554402904}
    m_Modifications:
    - target: {fileID: 1442747450203514, guid: 8d6397ba5d9c4b247893fd75caaf5d88, type: 3}
      propertyPath: m_Name
      value: Sideway 5 prefab
      objectReference: {fileID: 0}
    - target: {fileID: 4558070733231408, guid: 8d6397ba5d9c4b247893fd75caaf5d88, type: 3}
      propertyPath: m_RootOrder
      value: 1
      objectReference: {fileID: 0}
    - target: {fileID: 4558070733231408, guid: 8d6397ba5d9c4b247893fd75caaf5d88, type: 3}
      propertyPath: m_LocalPosition.x
      value: 3
      objectReference: {fileID: 0}
    - target: {fileID: 4558070733231408, guid: 8d6397ba5d9c4b247893fd75caaf5d88, type: 3}
      propertyPath: m_LocalPosition.y
      value: 0
      objectReference: {fileID: 0}
    - target: {fileID: 4558070733231408, guid: 8d6397ba5d9c4b247893fd75caaf5d88, type: 3}
      propertyPath: m_LocalPosition.z
      value: -1
      objectReference: {fileID: 0}
    - target: {fileID: 4558070733231408, guid: 8d6397ba5d9c4b247893fd75caaf5d88, type: 3}
      propertyPath: m_LocalRotation.w
      value: 1
      objectReference: {fileID: 0}
    - target: {fileID: 4558070733231408, guid: 8d6397ba5d9c4b247893fd75caaf5d88, type: 3}
      propertyPath: m_LocalRotation.x
      value: 0
      objectReference: {fileID: 0}
    - target: {fileID: 4558070733231408, guid: 8d6397ba5d9c4b247893fd75caaf5d88, type: 3}
      propertyPath: m_LocalRotation.y
      value: 0
      objectReference: {fileID: 0}
    - target: {fileID: 4558070733231408, guid: 8d6397ba5d9c4b247893fd75caaf5d88, type: 3}
      propertyPath: m_LocalRotation.z
      value: 0
      objectReference: {fileID: 0}
    - target: {fileID: 4558070733231408, guid: 8d6397ba5d9c4b247893fd75caaf5d88, type: 3}
      propertyPath: m_LocalEulerAnglesHint.x
      value: 0
      objectReference: {fileID: 0}
    - target: {fileID: 4558070733231408, guid: 8d6397ba5d9c4b247893fd75caaf5d88, type: 3}
      propertyPath: m_LocalEulerAnglesHint.y
      value: 0
      objectReference: {fileID: 0}
    - target: {fileID: 4558070733231408, guid: 8d6397ba5d9c4b247893fd75caaf5d88, type: 3}
      propertyPath: m_LocalEulerAnglesHint.z
      value: 0
      objectReference: {fileID: 0}
    m_RemovedComponents: []
  m_SourcePrefab: {fileID: 100100000, guid: 8d6397ba5d9c4b247893fd75caaf5d88, type: 3}
--- !u!4 &2972877620064969330 stripped
Transform:
  m_CorrespondingSourceObject: {fileID: 4558070733231408, guid: 8d6397ba5d9c4b247893fd75caaf5d88,
    type: 3}
  m_PrefabInstance: {fileID: 2977435686212482882}
  m_PrefabAsset: {fileID: 0}
--- !u!1001 &3855524291164926905
PrefabInstance:
  m_ObjectHideFlags: 0
  serializedVersion: 2
  m_Modification:
    m_TransformParent: {fileID: 4562750240554402904}
    m_Modifications:
    - target: {fileID: 1442747450203514, guid: 8d6397ba5d9c4b247893fd75caaf5d88, type: 3}
      propertyPath: m_Name
      value: Sideway 5 prefab (2)
      objectReference: {fileID: 0}
    - target: {fileID: 4558070733231408, guid: 8d6397ba5d9c4b247893fd75caaf5d88, type: 3}
      propertyPath: m_RootOrder
      value: 3
      objectReference: {fileID: 0}
    - target: {fileID: 4558070733231408, guid: 8d6397ba5d9c4b247893fd75caaf5d88, type: 3}
      propertyPath: m_LocalPosition.x
      value: -3
      objectReference: {fileID: 0}
    - target: {fileID: 4558070733231408, guid: 8d6397ba5d9c4b247893fd75caaf5d88, type: 3}
      propertyPath: m_LocalPosition.y
      value: 0
      objectReference: {fileID: 0}
    - target: {fileID: 4558070733231408, guid: 8d6397ba5d9c4b247893fd75caaf5d88, type: 3}
      propertyPath: m_LocalPosition.z
      value: -1
      objectReference: {fileID: 0}
    - target: {fileID: 4558070733231408, guid: 8d6397ba5d9c4b247893fd75caaf5d88, type: 3}
      propertyPath: m_LocalRotation.w
      value: 0
      objectReference: {fileID: 0}
    - target: {fileID: 4558070733231408, guid: 8d6397ba5d9c4b247893fd75caaf5d88, type: 3}
      propertyPath: m_LocalRotation.x
      value: 0
      objectReference: {fileID: 0}
    - target: {fileID: 4558070733231408, guid: 8d6397ba5d9c4b247893fd75caaf5d88, type: 3}
      propertyPath: m_LocalRotation.y
      value: 1
      objectReference: {fileID: 0}
    - target: {fileID: 4558070733231408, guid: 8d6397ba5d9c4b247893fd75caaf5d88, type: 3}
      propertyPath: m_LocalRotation.z
      value: 0
      objectReference: {fileID: 0}
    - target: {fileID: 4558070733231408, guid: 8d6397ba5d9c4b247893fd75caaf5d88, type: 3}
      propertyPath: m_LocalEulerAnglesHint.x
      value: 0
      objectReference: {fileID: 0}
    - target: {fileID: 4558070733231408, guid: 8d6397ba5d9c4b247893fd75caaf5d88, type: 3}
      propertyPath: m_LocalEulerAnglesHint.y
      value: 180
      objectReference: {fileID: 0}
    - target: {fileID: 4558070733231408, guid: 8d6397ba5d9c4b247893fd75caaf5d88, type: 3}
      propertyPath: m_LocalEulerAnglesHint.z
      value: 0
      objectReference: {fileID: 0}
    m_RemovedComponents: []
  m_SourcePrefab: {fileID: 100100000, guid: 8d6397ba5d9c4b247893fd75caaf5d88, type: 3}
--- !u!4 &3860045992089626249 stripped
Transform:
  m_CorrespondingSourceObject: {fileID: 4558070733231408, guid: 8d6397ba5d9c4b247893fd75caaf5d88,
    type: 3}
  m_PrefabInstance: {fileID: 3855524291164926905}
  m_PrefabAsset: {fileID: 0}
--- !u!1001 &7146682603617427498
PrefabInstance:
  m_ObjectHideFlags: 0
  serializedVersion: 2
  m_Modification:
    m_TransformParent: {fileID: 4562750240554402904}
    m_Modifications:
    - target: {fileID: 1442747450203514, guid: 8d6397ba5d9c4b247893fd75caaf5d88, type: 3}
      propertyPath: m_Name
      value: Sideway 5 prefab (1)
      objectReference: {fileID: 0}
    - target: {fileID: 4558070733231408, guid: 8d6397ba5d9c4b247893fd75caaf5d88, type: 3}
      propertyPath: m_RootOrder
      value: 2
      objectReference: {fileID: 0}
    - target: {fileID: 4558070733231408, guid: 8d6397ba5d9c4b247893fd75caaf5d88, type: 3}
      propertyPath: m_LocalPosition.x
      value: 3
      objectReference: {fileID: 0}
    - target: {fileID: 4558070733231408, guid: 8d6397ba5d9c4b247893fd75caaf5d88, type: 3}
      propertyPath: m_LocalPosition.y
      value: 0
      objectReference: {fileID: 0}
    - target: {fileID: 4558070733231408, guid: 8d6397ba5d9c4b247893fd75caaf5d88, type: 3}
      propertyPath: m_LocalPosition.z
      value: 1
      objectReference: {fileID: 0}
    - target: {fileID: 4558070733231408, guid: 8d6397ba5d9c4b247893fd75caaf5d88, type: 3}
      propertyPath: m_LocalRotation.w
      value: 1
      objectReference: {fileID: 0}
    - target: {fileID: 4558070733231408, guid: 8d6397ba5d9c4b247893fd75caaf5d88, type: 3}
      propertyPath: m_LocalRotation.x
      value: 0
      objectReference: {fileID: 0}
    - target: {fileID: 4558070733231408, guid: 8d6397ba5d9c4b247893fd75caaf5d88, type: 3}
      propertyPath: m_LocalRotation.y
      value: 0
      objectReference: {fileID: 0}
    - target: {fileID: 4558070733231408, guid: 8d6397ba5d9c4b247893fd75caaf5d88, type: 3}
      propertyPath: m_LocalRotation.z
      value: 0
      objectReference: {fileID: 0}
    - target: {fileID: 4558070733231408, guid: 8d6397ba5d9c4b247893fd75caaf5d88, type: 3}
      propertyPath: m_LocalEulerAnglesHint.x
      value: 0
      objectReference: {fileID: 0}
    - target: {fileID: 4558070733231408, guid: 8d6397ba5d9c4b247893fd75caaf5d88, type: 3}
      propertyPath: m_LocalEulerAnglesHint.y
      value: 0
      objectReference: {fileID: 0}
    - target: {fileID: 4558070733231408, guid: 8d6397ba5d9c4b247893fd75caaf5d88, type: 3}
      propertyPath: m_LocalEulerAnglesHint.z
      value: 0
      objectReference: {fileID: 0}
    m_RemovedComponents: []
  m_SourcePrefab: {fileID: 100100000, guid: 8d6397ba5d9c4b247893fd75caaf5d88, type: 3}
--- !u!4 &7151202169901741338 stripped
Transform:
  m_CorrespondingSourceObject: {fileID: 4558070733231408, guid: 8d6397ba5d9c4b247893fd75caaf5d88,
    type: 3}
  m_PrefabInstance: {fileID: 7146682603617427498}
  m_PrefabAsset: {fileID: 0}
