%YAML 1.1
%TAG !u! tag:unity3d.com,2011:
--- !u!1 &4189786385276826881
GameObject:
  m_ObjectHideFlags: 0
  m_CorrespondingSourceObject: {fileID: 0}
  m_PrefabInstance: {fileID: 0}
  m_PrefabAsset: {fileID: 0}
  serializedVersion: 6
  m_Component:
  - component: {fileID: 8209945715814322673}
  m_Layer: 0
  m_Name: SidewayCorner
  m_TagString: Untagged
  m_Icon: {fileID: 0}
  m_NavMeshLayer: 0
  m_StaticEditorFlags: 0
  m_IsActive: 1
--- !u!4 &8209945715814322673
Transform:
  m_ObjectHideFlags: 0
  m_CorrespondingSourceObject: {fileID: 0}
  m_PrefabInstance: {fileID: 0}
  m_PrefabAsset: {fileID: 0}
  m_GameObject: {fileID: 4189786385276826881}
  m_LocalRotation: {x: 0, y: 0, z: 0, w: 1}
  m_LocalPosition: {x: 0, y: 0, z: 0}
  m_LocalScale: {x: 1, y: 1, z: 1}
  m_Children:
  - {fileID: 4618496740000419892}
  - {fileID: 5414649158957750692}
  - {fileID: 4360539781617700398}
  m_Father: {fileID: 0}
  m_RootOrder: 0
  m_LocalEulerAnglesHint: {x: 0, y: 0, z: 0}
--- !u!1001 &4364793750405803392
PrefabInstance:
  m_ObjectHideFlags: 0
  serializedVersion: 2
  m_Modification:
    m_TransformParent: {fileID: 8209945715814322673}
    m_Modifications:
    - target: {fileID: 1138070732147832, guid: 493d8fb14af461f45a7d50aaa60a7a37, type: 3}
      propertyPath: m_Name
      value: Sideway 6 prefab
      objectReference: {fileID: 0}
    - target: {fileID: 4894056622597038, guid: 493d8fb14af461f45a7d50aaa60a7a37, type: 3}
      propertyPath: m_RootOrder
      value: 2
      objectReference: {fileID: 0}
    - target: {fileID: 4894056622597038, guid: 493d8fb14af461f45a7d50aaa60a7a37, type: 3}
      propertyPath: m_LocalScale.x
      value: 0.5
      objectReference: {fileID: 0}
    - target: {fileID: 4894056622597038, guid: 493d8fb14af461f45a7d50aaa60a7a37, type: 3}
      propertyPath: m_LocalScale.z
      value: 0.5
      objectReference: {fileID: 0}
    - target: {fileID: 4894056622597038, guid: 493d8fb14af461f45a7d50aaa60a7a37, type: 3}
      propertyPath: m_LocalPosition.x
      value: 0.5
      objectReference: {fileID: 0}
    - target: {fileID: 4894056622597038, guid: 493d8fb14af461f45a7d50aaa60a7a37, type: 3}
      propertyPath: m_LocalPosition.y
      value: 0
      objectReference: {fileID: 0}
    - target: {fileID: 4894056622597038, guid: 493d8fb14af461f45a7d50aaa60a7a37, type: 3}
      propertyPath: m_LocalPosition.z
      value: -0.5
      objectReference: {fileID: 0}
    - target: {fileID: 4894056622597038, guid: 493d8fb14af461f45a7d50aaa60a7a37, type: 3}
      propertyPath: m_LocalRotation.w
      value: 1
      objectReference: {fileID: 0}
    - target: {fileID: 4894056622597038, guid: 493d8fb14af461f45a7d50aaa60a7a37, type: 3}
      propertyPath: m_LocalRotation.x
      value: -0
      objectReference: {fileID: 0}
    - target: {fileID: 4894056622597038, guid: 493d8fb14af461f45a7d50aaa60a7a37, type: 3}
      propertyPath: m_LocalRotation.y
      value: -0
      objectReference: {fileID: 0}
    - target: {fileID: 4894056622597038, guid: 493d8fb14af461f45a7d50aaa60a7a37, type: 3}
      propertyPath: m_LocalRotation.z
      value: -0
      objectReference: {fileID: 0}
    - target: {fileID: 4894056622597038, guid: 493d8fb14af461f45a7d50aaa60a7a37, type: 3}
      propertyPath: m_LocalEulerAnglesHint.x
      value: 0
      objectReference: {fileID: 0}
    - target: {fileID: 4894056622597038, guid: 493d8fb14af461f45a7d50aaa60a7a37, type: 3}
      propertyPath: m_LocalEulerAnglesHint.y
      value: 0
      objectReference: {fileID: 0}
    - target: {fileID: 4894056622597038, guid: 493d8fb14af461f45a7d50aaa60a7a37, type: 3}
      propertyPath: m_LocalEulerAnglesHint.z
      value: 0
      objectReference: {fileID: 0}
    m_RemovedComponents: []
  m_SourcePrefab: {fileID: 100100000, guid: 493d8fb14af461f45a7d50aaa60a7a37, type: 3}
--- !u!4 &4360539781617700398 stripped
Transform:
  m_CorrespondingSourceObject: {fileID: 4894056622597038, guid: 493d8fb14af461f45a7d50aaa60a7a37,
    type: 3}
  m_PrefabInstance: {fileID: 4364793750405803392}
  m_PrefabAsset: {fileID: 0}
--- !u!1001 &4614191579348226650
PrefabInstance:
  m_ObjectHideFlags: 0
  serializedVersion: 2
  m_Modification:
    m_TransformParent: {fileID: 8209945715814322673}
    m_Modifications:
    - target: {fileID: 1256093442512822, guid: 0509744eed6f16e4c98e542f790a84b5, type: 3}
      propertyPath: m_Name
      value: Street 4 2M prefab
      objectReference: {fileID: 0}
    - target: {fileID: 4737365782299246, guid: 0509744eed6f16e4c98e542f790a84b5, type: 3}
      propertyPath: m_RootOrder
      value: 0
      objectReference: {fileID: 0}
    - target: {fileID: 4737365782299246, guid: 0509744eed6f16e4c98e542f790a84b5, type: 3}
      propertyPath: m_LocalScale.x
      value: 0.5
      objectReference: {fileID: 0}
    - target: {fileID: 4737365782299246, guid: 0509744eed6f16e4c98e542f790a84b5, type: 3}
      propertyPath: m_LocalPosition.x
      value: -0.5
      objectReference: {fileID: 0}
    - target: {fileID: 4737365782299246, guid: 0509744eed6f16e4c98e542f790a84b5, type: 3}
      propertyPath: m_LocalPosition.y
      value: 0
      objectReference: {fileID: 0}
    - target: {fileID: 4737365782299246, guid: 0509744eed6f16e4c98e542f790a84b5, type: 3}
      propertyPath: m_LocalPosition.z
      value: 0
      objectReference: {fileID: 0}
    - target: {fileID: 4737365782299246, guid: 0509744eed6f16e4c98e542f790a84b5, type: 3}
      propertyPath: m_LocalRotation.w
      value: 1
      objectReference: {fileID: 0}
    - target: {fileID: 4737365782299246, guid: 0509744eed6f16e4c98e542f790a84b5, type: 3}
      propertyPath: m_LocalRotation.x
      value: -0
      objectReference: {fileID: 0}
    - target: {fileID: 4737365782299246, guid: 0509744eed6f16e4c98e542f790a84b5, type: 3}
      propertyPath: m_LocalRotation.y
      value: -0
      objectReference: {fileID: 0}
    - target: {fileID: 4737365782299246, guid: 0509744eed6f16e4c98e542f790a84b5, type: 3}
      propertyPath: m_LocalRotation.z
      value: -0
      objectReference: {fileID: 0}
    - target: {fileID: 4737365782299246, guid: 0509744eed6f16e4c98e542f790a84b5, type: 3}
      propertyPath: m_LocalEulerAnglesHint.x
      value: 0
      objectReference: {fileID: 0}
    - target: {fileID: 4737365782299246, guid: 0509744eed6f16e4c98e542f790a84b5, type: 3}
      propertyPath: m_LocalEulerAnglesHint.y
      value: 0
      objectReference: {fileID: 0}
    - target: {fileID: 4737365782299246, guid: 0509744eed6f16e4c98e542f790a84b5, type: 3}
      propertyPath: m_LocalEulerAnglesHint.z
      value: 0
      objectReference: {fileID: 0}
    m_RemovedComponents: []
  m_SourcePrefab: {fileID: 100100000, guid: 0509744eed6f16e4c98e542f790a84b5, type: 3}
--- !u!4 &4618496740000419892 stripped
Transform:
  m_CorrespondingSourceObject: {fileID: 4737365782299246, guid: 0509744eed6f16e4c98e542f790a84b5,
    type: 3}
  m_PrefabInstance: {fileID: 4614191579348226650}
  m_PrefabAsset: {fileID: 0}
--- !u!1001 &5419068553144523722
PrefabInstance:
  m_ObjectHideFlags: 0
  serializedVersion: 2
  m_Modification:
    m_TransformParent: {fileID: 8209945715814322673}
    m_Modifications:
    - target: {fileID: 1256093442512822, guid: 0509744eed6f16e4c98e542f790a84b5, type: 3}
      propertyPath: m_Name
      value: Street 4 2M prefab (1)
      objectReference: {fileID: 0}
    - target: {fileID: 4737365782299246, guid: 0509744eed6f16e4c98e542f790a84b5, type: 3}
      propertyPath: m_RootOrder
      value: 1
      objectReference: {fileID: 0}
    - target: {fileID: 4737365782299246, guid: 0509744eed6f16e4c98e542f790a84b5, type: 3}
      propertyPath: m_LocalScale.x
      value: 0.5
      objectReference: {fileID: 0}
    - target: {fileID: 4737365782299246, guid: 0509744eed6f16e4c98e542f790a84b5, type: 3}
      propertyPath: m_LocalScale.z
      value: 0.5
      objectReference: {fileID: 0}
    - target: {fileID: 4737365782299246, guid: 0509744eed6f16e4c98e542f790a84b5, type: 3}
      propertyPath: m_LocalPosition.x
      value: 0.5
      objectReference: {fileID: 0}
    - target: {fileID: 4737365782299246, guid: 0509744eed6f16e4c98e542f790a84b5, type: 3}
      propertyPath: m_LocalPosition.y
      value: 0
      objectReference: {fileID: 0}
    - target: {fileID: 4737365782299246, guid: 0509744eed6f16e4c98e542f790a84b5, type: 3}
      propertyPath: m_LocalPosition.z
      value: 0.5
      objectReference: {fileID: 0}
    - target: {fileID: 4737365782299246, guid: 0509744eed6f16e4c98e542f790a84b5, type: 3}
      propertyPath: m_LocalRotation.w
      value: 1
      objectReference: {fileID: 0}
    - target: {fileID: 4737365782299246, guid: 0509744eed6f16e4c98e542f790a84b5, type: 3}
      propertyPath: m_LocalRotation.x
      value: -0
      objectReference: {fileID: 0}
    - target: {fileID: 4737365782299246, guid: 0509744eed6f16e4c98e542f790a84b5, type: 3}
      propertyPath: m_LocalRotation.y
      value: -0
      objectReference: {fileID: 0}
    - target: {fileID: 4737365782299246, guid: 0509744eed6f16e4c98e542f790a84b5, type: 3}
      propertyPath: m_LocalRotation.z
      value: -0
      objectReference: {fileID: 0}
    - target: {fileID: 4737365782299246, guid: 0509744eed6f16e4c98e542f790a84b5, type: 3}
      propertyPath: m_LocalEulerAnglesHint.x
      value: 0
      objectReference: {fileID: 0}
    - target: {fileID: 4737365782299246, guid: 0509744eed6f16e4c98e542f790a84b5, type: 3}
      propertyPath: m_LocalEulerAnglesHint.y
      value: 0
      objectReference: {fileID: 0}
    - target: {fileID: 4737365782299246, guid: 0509744eed6f16e4c98e542f790a84b5, type: 3}
      propertyPath: m_LocalEulerAnglesHint.z
      value: 0
      objectReference: {fileID: 0}
    m_RemovedComponents: []
  m_SourcePrefab: {fileID: 100100000, guid: 0509744eed6f16e4c98e542f790a84b5, type: 3}
--- !u!4 &5414649158957750692 stripped
Transform:
  m_CorrespondingSourceObject: {fileID: 4737365782299246, guid: 0509744eed6f16e4c98e542f790a84b5,
    type: 3}
  m_PrefabInstance: {fileID: 5419068553144523722}
  m_PrefabAsset: {fileID: 0}
