%YAML 1.1
%TAG !u! tag:unity3d.com,2011:
--- !u!1 &1593661882980161943
GameObject:
  m_ObjectHideFlags: 0
  m_CorrespondingSourceObject: {fileID: 0}
  m_PrefabInstance: {fileID: 0}
  m_PrefabAsset: {fileID: 0}
  serializedVersion: 6
  m_Component:
  - component: {fileID: 7311722906359728455}
  - component: {fileID: 8779072446450383148}
  - component: {fileID: 4823180466742377151}
  - component: {fileID: 5978325241569723658}
  - component: {fileID: 5646947886240775065}
  m_Layer: 0
  m_Name: BoxCollider
  m_TagString: Untagged
  m_Icon: {fileID: 0}
  m_NavMeshLayer: 0
  m_StaticEditorFlags: 4294967295
  m_IsActive: 1
--- !u!4 &7311722906359728455
Transform:
  m_ObjectHideFlags: 0
  m_CorrespondingSourceObject: {fileID: 0}
  m_PrefabInstance: {fileID: 0}
  m_PrefabAsset: {fileID: 0}
  m_GameObject: {fileID: 1593661882980161943}
  m_LocalRotation: {x: 0, y: 0, z: 0, w: 1}
  m_LocalPosition: {x: 0, y: 1, z: -0.2}
  m_LocalScale: {x: 0.5, y: 2, z: 12.5}
  m_Children: []
  m_Father: {fileID: 644807511350723714}
  m_RootOrder: 7
  m_LocalEulerAnglesHint: {x: 0, y: 0, z: 0}
--- !u!33 &8779072446450383148
MeshFilter:
  m_ObjectHideFlags: 0
  m_CorrespondingSourceObject: {fileID: 0}
  m_PrefabInstance: {fileID: 0}
  m_PrefabAsset: {fileID: 0}
  m_GameObject: {fileID: 1593661882980161943}
  m_Mesh: {fileID: 10202, guid: 0000000000000000e000000000000000, type: 0}
--- !u!23 &4823180466742377151
MeshRenderer:
  m_ObjectHideFlags: 0
  m_CorrespondingSourceObject: {fileID: 0}
  m_PrefabInstance: {fileID: 0}
  m_PrefabAsset: {fileID: 0}
  m_GameObject: {fileID: 1593661882980161943}
  m_Enabled: 0
  m_CastShadows: 1
  m_ReceiveShadows: 1
  m_DynamicOccludee: 1
  m_MotionVectors: 1
  m_LightProbeUsage: 1
  m_ReflectionProbeUsage: 1
  m_RayTracingMode: 2
  m_RayTraceProcedural: 0
  m_RenderingLayerMask: 1
  m_RendererPriority: 0
  m_Materials:
  - {fileID: 10303, guid: 0000000000000000f000000000000000, type: 0}
  m_StaticBatchInfo:
    firstSubMesh: 0
    subMeshCount: 0
  m_StaticBatchRoot: {fileID: 0}
  m_ProbeAnchor: {fileID: 0}
  m_LightProbeVolumeOverride: {fileID: 0}
  m_ScaleInLightmap: 1
  m_ReceiveGI: 1
  m_PreserveUVs: 0
  m_IgnoreNormalsForChartDetection: 0
  m_ImportantGI: 0
  m_StitchLightmapSeams: 1
  m_SelectedEditorRenderState: 3
  m_MinimumChartSize: 4
  m_AutoUVMaxDistance: 0.5
  m_AutoUVMaxAngle: 89
  m_LightmapParameters: {fileID: 0}
  m_SortingLayerID: 0
  m_SortingLayer: 0
  m_SortingOrder: 0
  m_AdditionalVertexStreams: {fileID: 0}
--- !u!65 &5978325241569723658
BoxCollider:
  m_ObjectHideFlags: 0
  m_CorrespondingSourceObject: {fileID: 0}
  m_PrefabInstance: {fileID: 0}
  m_PrefabAsset: {fileID: 0}
  m_GameObject: {fileID: 1593661882980161943}
  m_Material: {fileID: 0}
  m_IsTrigger: 0
  m_Enabled: 1
  serializedVersion: 2
  m_Size: {x: 1, y: 1, z: 1}
  m_Center: {x: 0, y: 0, z: 0}
--- !u!114 &5646947886240775065
MonoBehaviour:
  m_ObjectHideFlags: 0
  m_CorrespondingSourceObject: {fileID: 0}
  m_PrefabInstance: {fileID: 0}
  m_PrefabAsset: {fileID: 0}
  m_GameObject: {fileID: 1593661882980161943}
  m_Enabled: 1
  m_EditorHideFlags: 0
  m_Script: {fileID: 11500000, guid: 0f11384b53439e84aad854d8de600d18, type: 3}
  m_Name: 
  m_EditorClassIdentifier: 
  broadcast:
  - messageToSend: Pigeons
  setVariable: []
  addToVariable: []
  tagsThatCanTrigger:
  - Player
  onlyTriggerOnce: 0
--- !u!1 &3749403574816812217
GameObject:
  m_ObjectHideFlags: 0
  m_CorrespondingSourceObject: {fileID: 0}
  m_PrefabInstance: {fileID: 0}
  m_PrefabAsset: {fileID: 0}
  serializedVersion: 6
  m_Component:
  - component: {fileID: 644807511350723714}
  m_Layer: 0
  m_Name: PigeonBlockade
  m_TagString: Untagged
  m_Icon: {fileID: 0}
  m_NavMeshLayer: 0
  m_StaticEditorFlags: 4294967295
  m_IsActive: 1
--- !u!4 &644807511350723714
Transform:
  m_ObjectHideFlags: 0
  m_CorrespondingSourceObject: {fileID: 0}
  m_PrefabInstance: {fileID: 0}
  m_PrefabAsset: {fileID: 0}
  m_GameObject: {fileID: 3749403574816812217}
  m_LocalRotation: {x: 0, y: 0, z: 0, w: 1}
  m_LocalPosition: {x: 0, y: 0, z: 0}
  m_LocalScale: {x: 1, y: 1, z: 1}
  m_Children:
  - {fileID: 8387642132042555493}
  - {fileID: 3890048261969388992}
  - {fileID: 4342113954538206232}
  - {fileID: 3918651400897756872}
  - {fileID: 8920300978635811813}
  - {fileID: 8640036522697646349}
  - {fileID: 4649388828316729123}
  - {fileID: 7311722906359728455}
  m_Father: {fileID: 0}
  m_RootOrder: 0
  m_LocalEulerAnglesHint: {x: 0, y: 0, z: 0}
--- !u!1001 &646967121
PrefabInstance:
  m_ObjectHideFlags: 0
  serializedVersion: 2
  m_Modification:
    m_TransformParent: {fileID: 644807511350723714}
    m_Modifications:
    - target: {fileID: 2754075163241812406, guid: 4443c099ca128514a84502504ca3167c,
        type: 3}
      propertyPath: m_StaticEditorFlags
      value: 4294967295
      objectReference: {fileID: 0}
    - target: {fileID: 4649388827686932594, guid: 4443c099ca128514a84502504ca3167c,
        type: 3}
      propertyPath: m_RootOrder
      value: 6
      objectReference: {fileID: 0}
    - target: {fileID: 4649388827686932594, guid: 4443c099ca128514a84502504ca3167c,
        type: 3}
      propertyPath: m_LocalPosition.x
      value: 0
      objectReference: {fileID: 0}
    - target: {fileID: 4649388827686932594, guid: 4443c099ca128514a84502504ca3167c,
        type: 3}
      propertyPath: m_LocalPosition.y
      value: 0.1
      objectReference: {fileID: 0}
    - target: {fileID: 4649388827686932594, guid: 4443c099ca128514a84502504ca3167c,
        type: 3}
      propertyPath: m_LocalPosition.z
      value: -5.37996
      objectReference: {fileID: 0}
    - target: {fileID: 4649388827686932594, guid: 4443c099ca128514a84502504ca3167c,
        type: 3}
      propertyPath: m_LocalRotation.w
      value: 0.6997257
      objectReference: {fileID: 0}
    - target: {fileID: 4649388827686932594, guid: 4443c099ca128514a84502504ca3167c,
        type: 3}
      propertyPath: m_LocalRotation.x
      value: 0
      objectReference: {fileID: 0}
    - target: {fileID: 4649388827686932594, guid: 4443c099ca128514a84502504ca3167c,
        type: 3}
      propertyPath: m_LocalRotation.y
      value: 0.7144116
      objectReference: {fileID: 0}
    - target: {fileID: 4649388827686932594, guid: 4443c099ca128514a84502504ca3167c,
        type: 3}
      propertyPath: m_LocalRotation.z
      value: 0
      objectReference: {fileID: 0}
    - target: {fileID: 4649388827686932594, guid: 4443c099ca128514a84502504ca3167c,
        type: 3}
      propertyPath: m_LocalEulerAnglesHint.x
      value: 0
      objectReference: {fileID: 0}
    - target: {fileID: 4649388827686932594, guid: 4443c099ca128514a84502504ca3167c,
        type: 3}
      propertyPath: m_LocalEulerAnglesHint.y
      value: 91.19
      objectReference: {fileID: 0}
    - target: {fileID: 4649388827686932594, guid: 4443c099ca128514a84502504ca3167c,
        type: 3}
      propertyPath: m_LocalEulerAnglesHint.z
      value: 0
      objectReference: {fileID: 0}
    - target: {fileID: 5462340977975053000, guid: 4443c099ca128514a84502504ca3167c,
        type: 3}
      propertyPath: m_Name
      value: PigeonPlaceholder (6)
      objectReference: {fileID: 0}
    - target: {fileID: 5462340977975053000, guid: 4443c099ca128514a84502504ca3167c,
        type: 3}
      propertyPath: m_StaticEditorFlags
      value: 4294967295
      objectReference: {fileID: 0}
    m_RemovedComponents: []
  m_SourcePrefab: {fileID: 100100000, guid: 4443c099ca128514a84502504ca3167c, type: 3}
--- !u!4 &4649388828316729123 stripped
Transform:
  m_CorrespondingSourceObject: {fileID: 4649388827686932594, guid: 4443c099ca128514a84502504ca3167c,
    type: 3}
  m_PrefabInstance: {fileID: 646967121}
  m_PrefabAsset: {fileID: 0}
--- !u!1001 &3810914539152355351
PrefabInstance:
  m_ObjectHideFlags: 0
  serializedVersion: 2
  m_Modification:
    m_TransformParent: {fileID: 644807511350723714}
    m_Modifications:
    - target: {fileID: 2754075163241812406, guid: 4443c099ca128514a84502504ca3167c,
        type: 3}
      propertyPath: m_StaticEditorFlags
      value: 4294967295
      objectReference: {fileID: 0}
    - target: {fileID: 4649388827686932594, guid: 4443c099ca128514a84502504ca3167c,
        type: 3}
      propertyPath: m_RootOrder
      value: 0
      objectReference: {fileID: 0}
    - target: {fileID: 4649388827686932594, guid: 4443c099ca128514a84502504ca3167c,
        type: 3}
      propertyPath: m_LocalPosition.x
      value: 0
      objectReference: {fileID: 0}
    - target: {fileID: 4649388827686932594, guid: 4443c099ca128514a84502504ca3167c,
        type: 3}
      propertyPath: m_LocalPosition.y
      value: 0
      objectReference: {fileID: 0}
    - target: {fileID: 4649388827686932594, guid: 4443c099ca128514a84502504ca3167c,
        type: 3}
      propertyPath: m_LocalPosition.z
      value: -3.19207
      objectReference: {fileID: 0}
    - target: {fileID: 4649388827686932594, guid: 4443c099ca128514a84502504ca3167c,
        type: 3}
      propertyPath: m_LocalRotation.w
      value: 0.8975753
      objectReference: {fileID: 0}
    - target: {fileID: 4649388827686932594, guid: 4443c099ca128514a84502504ca3167c,
        type: 3}
      propertyPath: m_LocalRotation.x
      value: -0
      objectReference: {fileID: 0}
    - target: {fileID: 4649388827686932594, guid: 4443c099ca128514a84502504ca3167c,
        type: 3}
      propertyPath: m_LocalRotation.y
      value: 0.44086114
      objectReference: {fileID: 0}
    - target: {fileID: 4649388827686932594, guid: 4443c099ca128514a84502504ca3167c,
        type: 3}
      propertyPath: m_LocalRotation.z
      value: -0
      objectReference: {fileID: 0}
    - target: {fileID: 4649388827686932594, guid: 4443c099ca128514a84502504ca3167c,
        type: 3}
      propertyPath: m_LocalEulerAnglesHint.x
      value: 0
      objectReference: {fileID: 0}
    - target: {fileID: 4649388827686932594, guid: 4443c099ca128514a84502504ca3167c,
        type: 3}
      propertyPath: m_LocalEulerAnglesHint.y
      value: 52.318
      objectReference: {fileID: 0}
    - target: {fileID: 4649388827686932594, guid: 4443c099ca128514a84502504ca3167c,
        type: 3}
      propertyPath: m_LocalEulerAnglesHint.z
      value: 0
      objectReference: {fileID: 0}
    - target: {fileID: 5462340977975053000, guid: 4443c099ca128514a84502504ca3167c,
        type: 3}
      propertyPath: m_Name
      value: PigeonPlaceholder (0)
      objectReference: {fileID: 0}
    - target: {fileID: 5462340977975053000, guid: 4443c099ca128514a84502504ca3167c,
        type: 3}
      propertyPath: m_StaticEditorFlags
      value: 4294967295
      objectReference: {fileID: 0}
    m_RemovedComponents: []
  m_SourcePrefab: {fileID: 100100000, guid: 4443c099ca128514a84502504ca3167c, type: 3}
--- !u!4 &8387642132042555493 stripped
Transform:
  m_CorrespondingSourceObject: {fileID: 4649388827686932594, guid: 4443c099ca128514a84502504ca3167c,
    type: 3}
  m_PrefabInstance: {fileID: 3810914539152355351}
  m_PrefabAsset: {fileID: 0}
--- !u!1001 &3990859910156415359
PrefabInstance:
  m_ObjectHideFlags: 0
  serializedVersion: 2
  m_Modification:
    m_TransformParent: {fileID: 644807511350723714}
    m_Modifications:
    - target: {fileID: 2754075163241812406, guid: 4443c099ca128514a84502504ca3167c,
        type: 3}
      propertyPath: m_StaticEditorFlags
      value: 4294967295
      objectReference: {fileID: 0}
    - target: {fileID: 4649388827686932594, guid: 4443c099ca128514a84502504ca3167c,
        type: 3}
      propertyPath: m_RootOrder
      value: 5
      objectReference: {fileID: 0}
    - target: {fileID: 4649388827686932594, guid: 4443c099ca128514a84502504ca3167c,
        type: 3}
      propertyPath: m_LocalPosition.x
      value: 0.011188507
      objectReference: {fileID: 0}
    - target: {fileID: 4649388827686932594, guid: 4443c099ca128514a84502504ca3167c,
        type: 3}
      propertyPath: m_LocalPosition.y
      value: 0.1
      objectReference: {fileID: 0}
    - target: {fileID: 4649388827686932594, guid: 4443c099ca128514a84502504ca3167c,
        type: 3}
      propertyPath: m_LocalPosition.z
      value: 4.9671745
      objectReference: {fileID: 0}
    - target: {fileID: 4649388827686932594, guid: 4443c099ca128514a84502504ca3167c,
        type: 3}
      propertyPath: m_LocalRotation.w
      value: 0.39170048
      objectReference: {fileID: 0}
    - target: {fileID: 4649388827686932594, guid: 4443c099ca128514a84502504ca3167c,
        type: 3}
      propertyPath: m_LocalRotation.x
      value: -0
      objectReference: {fileID: 0}
    - target: {fileID: 4649388827686932594, guid: 4443c099ca128514a84502504ca3167c,
        type: 3}
      propertyPath: m_LocalRotation.y
      value: 0.9200928
      objectReference: {fileID: 0}
    - target: {fileID: 4649388827686932594, guid: 4443c099ca128514a84502504ca3167c,
        type: 3}
      propertyPath: m_LocalRotation.z
      value: -0
      objectReference: {fileID: 0}
    - target: {fileID: 4649388827686932594, guid: 4443c099ca128514a84502504ca3167c,
        type: 3}
      propertyPath: m_LocalEulerAnglesHint.x
      value: 0
      objectReference: {fileID: 0}
    - target: {fileID: 4649388827686932594, guid: 4443c099ca128514a84502504ca3167c,
        type: 3}
      propertyPath: m_LocalEulerAnglesHint.y
      value: 133.879
      objectReference: {fileID: 0}
    - target: {fileID: 4649388827686932594, guid: 4443c099ca128514a84502504ca3167c,
        type: 3}
      propertyPath: m_LocalEulerAnglesHint.z
      value: 0
      objectReference: {fileID: 0}
    - target: {fileID: 5462340977975053000, guid: 4443c099ca128514a84502504ca3167c,
        type: 3}
      propertyPath: m_Name
      value: PigeonPlaceholder (5)
      objectReference: {fileID: 0}
    - target: {fileID: 5462340977975053000, guid: 4443c099ca128514a84502504ca3167c,
        type: 3}
      propertyPath: m_StaticEditorFlags
      value: 4294967295
      objectReference: {fileID: 0}
    m_RemovedComponents: []
  m_SourcePrefab: {fileID: 100100000, guid: 4443c099ca128514a84502504ca3167c, type: 3}
--- !u!4 &8640036522697646349 stripped
Transform:
  m_CorrespondingSourceObject: {fileID: 4649388827686932594, guid: 4443c099ca128514a84502504ca3167c,
    type: 3}
  m_PrefabInstance: {fileID: 3990859910156415359}
  m_PrefabAsset: {fileID: 0}
--- !u!1001 &4273552087253203863
PrefabInstance:
  m_ObjectHideFlags: 0
  serializedVersion: 2
  m_Modification:
    m_TransformParent: {fileID: 644807511350723714}
    m_Modifications:
    - target: {fileID: 2754075163241812406, guid: 4443c099ca128514a84502504ca3167c,
        type: 3}
      propertyPath: m_StaticEditorFlags
      value: 4294967295
      objectReference: {fileID: 0}
    - target: {fileID: 4649388827686932594, guid: 4443c099ca128514a84502504ca3167c,
        type: 3}
      propertyPath: m_RootOrder
      value: 4
      objectReference: {fileID: 0}
    - target: {fileID: 4649388827686932594, guid: 4443c099ca128514a84502504ca3167c,
        type: 3}
      propertyPath: m_LocalPosition.x
      value: 0.0017642975
      objectReference: {fileID: 0}
    - target: {fileID: 4649388827686932594, guid: 4443c099ca128514a84502504ca3167c,
        type: 3}
      propertyPath: m_LocalPosition.y
      value: 0
      objectReference: {fileID: 0}
    - target: {fileID: 4649388827686932594, guid: 4443c099ca128514a84502504ca3167c,
        type: 3}
      propertyPath: m_LocalPosition.z
      value: 3.28339
      objectReference: {fileID: 0}
    - target: {fileID: 4649388827686932594, guid: 4443c099ca128514a84502504ca3167c,
        type: 3}
      propertyPath: m_LocalRotation.w
      value: 0.99048465
      objectReference: {fileID: 0}
    - target: {fileID: 4649388827686932594, guid: 4443c099ca128514a84502504ca3167c,
        type: 3}
      propertyPath: m_LocalRotation.x
      value: -0
      objectReference: {fileID: 0}
    - target: {fileID: 4649388827686932594, guid: 4443c099ca128514a84502504ca3167c,
        type: 3}
      propertyPath: m_LocalRotation.y
      value: 0.13762346
      objectReference: {fileID: 0}
    - target: {fileID: 4649388827686932594, guid: 4443c099ca128514a84502504ca3167c,
        type: 3}
      propertyPath: m_LocalRotation.z
      value: -0
      objectReference: {fileID: 0}
    - target: {fileID: 4649388827686932594, guid: 4443c099ca128514a84502504ca3167c,
        type: 3}
      propertyPath: m_LocalEulerAnglesHint.x
      value: 0
      objectReference: {fileID: 0}
    - target: {fileID: 4649388827686932594, guid: 4443c099ca128514a84502504ca3167c,
        type: 3}
      propertyPath: m_LocalEulerAnglesHint.y
      value: 15.821
      objectReference: {fileID: 0}
    - target: {fileID: 4649388827686932594, guid: 4443c099ca128514a84502504ca3167c,
        type: 3}
      propertyPath: m_LocalEulerAnglesHint.z
      value: 0
      objectReference: {fileID: 0}
    - target: {fileID: 5462340977975053000, guid: 4443c099ca128514a84502504ca3167c,
        type: 3}
      propertyPath: m_Name
      value: PigeonPlaceholder (4)
      objectReference: {fileID: 0}
    - target: {fileID: 5462340977975053000, guid: 4443c099ca128514a84502504ca3167c,
        type: 3}
      propertyPath: m_StaticEditorFlags
      value: 4294967295
      objectReference: {fileID: 0}
    m_RemovedComponents: []
  m_SourcePrefab: {fileID: 100100000, guid: 4443c099ca128514a84502504ca3167c, type: 3}
--- !u!4 &8920300978635811813 stripped
Transform:
  m_CorrespondingSourceObject: {fileID: 4649388827686932594, guid: 4443c099ca128514a84502504ca3167c,
    type: 3}
  m_PrefabInstance: {fileID: 4273552087253203863}
  m_PrefabAsset: {fileID: 0}
--- !u!1001 &8465017744347936178
PrefabInstance:
  m_ObjectHideFlags: 0
  serializedVersion: 2
  m_Modification:
    m_TransformParent: {fileID: 644807511350723714}
    m_Modifications:
    - target: {fileID: 2754075163241812406, guid: 4443c099ca128514a84502504ca3167c,
        type: 3}
      propertyPath: m_StaticEditorFlags
      value: 4294967295
      objectReference: {fileID: 0}
    - target: {fileID: 4649388827686932594, guid: 4443c099ca128514a84502504ca3167c,
        type: 3}
      propertyPath: m_RootOrder
      value: 1
      objectReference: {fileID: 0}
    - target: {fileID: 4649388827686932594, guid: 4443c099ca128514a84502504ca3167c,
        type: 3}
      propertyPath: m_LocalPosition.x
      value: 0
      objectReference: {fileID: 0}
    - target: {fileID: 4649388827686932594, guid: 4443c099ca128514a84502504ca3167c,
        type: 3}
      propertyPath: m_LocalPosition.y
      value: 0
      objectReference: {fileID: 0}
    - target: {fileID: 4649388827686932594, guid: 4443c099ca128514a84502504ca3167c,
        type: 3}
      propertyPath: m_LocalPosition.z
      value: -1.20885
      objectReference: {fileID: 0}
    - target: {fileID: 4649388827686932594, guid: 4443c099ca128514a84502504ca3167c,
        type: 3}
      propertyPath: m_LocalRotation.w
      value: 0.29110625
      objectReference: {fileID: 0}
    - target: {fileID: 4649388827686932594, guid: 4443c099ca128514a84502504ca3167c,
        type: 3}
      propertyPath: m_LocalRotation.x
      value: -0
      objectReference: {fileID: 0}
    - target: {fileID: 4649388827686932594, guid: 4443c099ca128514a84502504ca3167c,
        type: 3}
      propertyPath: m_LocalRotation.y
      value: 0.9566907
      objectReference: {fileID: 0}
    - target: {fileID: 4649388827686932594, guid: 4443c099ca128514a84502504ca3167c,
        type: 3}
      propertyPath: m_LocalRotation.z
      value: -0
      objectReference: {fileID: 0}
    - target: {fileID: 4649388827686932594, guid: 4443c099ca128514a84502504ca3167c,
        type: 3}
      propertyPath: m_LocalEulerAnglesHint.x
      value: 0
      objectReference: {fileID: 0}
    - target: {fileID: 4649388827686932594, guid: 4443c099ca128514a84502504ca3167c,
        type: 3}
      propertyPath: m_LocalEulerAnglesHint.y
      value: 146.152
      objectReference: {fileID: 0}
    - target: {fileID: 4649388827686932594, guid: 4443c099ca128514a84502504ca3167c,
        type: 3}
      propertyPath: m_LocalEulerAnglesHint.z
      value: 0
      objectReference: {fileID: 0}
    - target: {fileID: 5462340977975053000, guid: 4443c099ca128514a84502504ca3167c,
        type: 3}
      propertyPath: m_Name
      value: PigeonPlaceholder (1)
      objectReference: {fileID: 0}
    - target: {fileID: 5462340977975053000, guid: 4443c099ca128514a84502504ca3167c,
        type: 3}
      propertyPath: m_StaticEditorFlags
      value: 4294967295
      objectReference: {fileID: 0}
    m_RemovedComponents: []
  m_SourcePrefab: {fileID: 100100000, guid: 4443c099ca128514a84502504ca3167c, type: 3}
--- !u!4 &3890048261969388992 stripped
Transform:
  m_CorrespondingSourceObject: {fileID: 4649388827686932594, guid: 4443c099ca128514a84502504ca3167c,
    type: 3}
  m_PrefabInstance: {fileID: 8465017744347936178}
  m_PrefabAsset: {fileID: 0}
--- !u!1001 &8567018771274526394
PrefabInstance:
  m_ObjectHideFlags: 0
  serializedVersion: 2
  m_Modification:
    m_TransformParent: {fileID: 644807511350723714}
    m_Modifications:
    - target: {fileID: 2754075163241812406, guid: 4443c099ca128514a84502504ca3167c,
        type: 3}
      propertyPath: m_StaticEditorFlags
      value: 4294967295
      objectReference: {fileID: 0}
    - target: {fileID: 4649388827686932594, guid: 4443c099ca128514a84502504ca3167c,
        type: 3}
      propertyPath: m_RootOrder
      value: 3
      objectReference: {fileID: 0}
    - target: {fileID: 4649388827686932594, guid: 4443c099ca128514a84502504ca3167c,
        type: 3}
      propertyPath: m_LocalPosition.x
      value: 0.017038345
      objectReference: {fileID: 0}
    - target: {fileID: 4649388827686932594, guid: 4443c099ca128514a84502504ca3167c,
        type: 3}
      propertyPath: m_LocalPosition.y
      value: 0
      objectReference: {fileID: 0}
    - target: {fileID: 4649388827686932594, guid: 4443c099ca128514a84502504ca3167c,
        type: 3}
      propertyPath: m_LocalPosition.z
      value: 1.8670807
      objectReference: {fileID: 0}
    - target: {fileID: 4649388827686932594, guid: 4443c099ca128514a84502504ca3167c,
        type: 3}
      propertyPath: m_LocalRotation.w
      value: 0.6873823
      objectReference: {fileID: 0}
    - target: {fileID: 4649388827686932594, guid: 4443c099ca128514a84502504ca3167c,
        type: 3}
      propertyPath: m_LocalRotation.x
      value: -0
      objectReference: {fileID: 0}
    - target: {fileID: 4649388827686932594, guid: 4443c099ca128514a84502504ca3167c,
        type: 3}
      propertyPath: m_LocalRotation.y
      value: 0.7262959
      objectReference: {fileID: 0}
    - target: {fileID: 4649388827686932594, guid: 4443c099ca128514a84502504ca3167c,
        type: 3}
      propertyPath: m_LocalRotation.z
      value: -0
      objectReference: {fileID: 0}
    - target: {fileID: 4649388827686932594, guid: 4443c099ca128514a84502504ca3167c,
        type: 3}
      propertyPath: m_LocalEulerAnglesHint.x
      value: 0
      objectReference: {fileID: 0}
    - target: {fileID: 4649388827686932594, guid: 4443c099ca128514a84502504ca3167c,
        type: 3}
      propertyPath: m_LocalEulerAnglesHint.y
      value: 93.154
      objectReference: {fileID: 0}
    - target: {fileID: 4649388827686932594, guid: 4443c099ca128514a84502504ca3167c,
        type: 3}
      propertyPath: m_LocalEulerAnglesHint.z
      value: 0
      objectReference: {fileID: 0}
    - target: {fileID: 5462340977975053000, guid: 4443c099ca128514a84502504ca3167c,
        type: 3}
      propertyPath: m_Name
      value: PigeonPlaceholder (3)
      objectReference: {fileID: 0}
    - target: {fileID: 5462340977975053000, guid: 4443c099ca128514a84502504ca3167c,
        type: 3}
      propertyPath: m_StaticEditorFlags
      value: 4294967295
      objectReference: {fileID: 0}
    m_RemovedComponents: []
  m_SourcePrefab: {fileID: 100100000, guid: 4443c099ca128514a84502504ca3167c, type: 3}
--- !u!4 &3918651400897756872 stripped
Transform:
  m_CorrespondingSourceObject: {fileID: 4649388827686932594, guid: 4443c099ca128514a84502504ca3167c,
    type: 3}
  m_PrefabInstance: {fileID: 8567018771274526394}
  m_PrefabAsset: {fileID: 0}
--- !u!1001 &8991360942255580266
PrefabInstance:
  m_ObjectHideFlags: 0
  serializedVersion: 2
  m_Modification:
    m_TransformParent: {fileID: 644807511350723714}
    m_Modifications:
    - target: {fileID: 2754075163241812406, guid: 4443c099ca128514a84502504ca3167c,
        type: 3}
      propertyPath: m_StaticEditorFlags
      value: 4294967295
      objectReference: {fileID: 0}
    - target: {fileID: 4649388827686932594, guid: 4443c099ca128514a84502504ca3167c,
        type: 3}
      propertyPath: m_RootOrder
      value: 2
      objectReference: {fileID: 0}
    - target: {fileID: 4649388827686932594, guid: 4443c099ca128514a84502504ca3167c,
        type: 3}
      propertyPath: m_LocalPosition.x
      value: -0.020687101
      objectReference: {fileID: 0}
    - target: {fileID: 4649388827686932594, guid: 4443c099ca128514a84502504ca3167c,
        type: 3}
      propertyPath: m_LocalPosition.y
      value: 0
      objectReference: {fileID: 0}
    - target: {fileID: 4649388827686932594, guid: 4443c099ca128514a84502504ca3167c,
        type: 3}
      propertyPath: m_LocalPosition.z
      value: -0.020638706
      objectReference: {fileID: 0}
    - target: {fileID: 4649388827686932594, guid: 4443c099ca128514a84502504ca3167c,
        type: 3}
      propertyPath: m_LocalRotation.w
      value: 0.89635503
      objectReference: {fileID: 0}
    - target: {fileID: 4649388827686932594, guid: 4443c099ca128514a84502504ca3167c,
        type: 3}
      propertyPath: m_LocalRotation.x
      value: -0
      objectReference: {fileID: 0}
    - target: {fileID: 4649388827686932594, guid: 4443c099ca128514a84502504ca3167c,
        type: 3}
      propertyPath: m_LocalRotation.y
      value: -0.44333702
      objectReference: {fileID: 0}
    - target: {fileID: 4649388827686932594, guid: 4443c099ca128514a84502504ca3167c,
        type: 3}
      propertyPath: m_LocalRotation.z
      value: -0
      objectReference: {fileID: 0}
    - target: {fileID: 4649388827686932594, guid: 4443c099ca128514a84502504ca3167c,
        type: 3}
      propertyPath: m_LocalEulerAnglesHint.x
      value: 0
      objectReference: {fileID: 0}
    - target: {fileID: 4649388827686932594, guid: 4443c099ca128514a84502504ca3167c,
        type: 3}
      propertyPath: m_LocalEulerAnglesHint.y
      value: -52.634
      objectReference: {fileID: 0}
    - target: {fileID: 4649388827686932594, guid: 4443c099ca128514a84502504ca3167c,
        type: 3}
      propertyPath: m_LocalEulerAnglesHint.z
      value: 0
      objectReference: {fileID: 0}
    - target: {fileID: 5462340977975053000, guid: 4443c099ca128514a84502504ca3167c,
        type: 3}
      propertyPath: m_Name
      value: PigeonPlaceholder (2)
      objectReference: {fileID: 0}
    - target: {fileID: 5462340977975053000, guid: 4443c099ca128514a84502504ca3167c,
        type: 3}
      propertyPath: m_StaticEditorFlags
      value: 4294967295
      objectReference: {fileID: 0}
    m_RemovedComponents: []
  m_SourcePrefab: {fileID: 100100000, guid: 4443c099ca128514a84502504ca3167c, type: 3}
--- !u!4 &4342113954538206232 stripped
Transform:
  m_CorrespondingSourceObject: {fileID: 4649388827686932594, guid: 4443c099ca128514a84502504ca3167c,
    type: 3}
  m_PrefabInstance: {fileID: 8991360942255580266}
  m_PrefabAsset: {fileID: 0}
