%YAML 1.1
%TAG !u! tag:unity3d.com,2011:
--- !u!1 &3640755821278810651
GameObject:
  m_ObjectHideFlags: 0
  m_CorrespondingSourceObject: {fileID: 0}
  m_PrefabInstance: {fileID: 0}
  m_PrefabAsset: {fileID: 0}
  serializedVersion: 6
  m_Component:
  - component: {fileID: 3542060403844282312}
  m_Layer: 0
  m_Name: CaravanWithAntennas
  m_TagString: Untagged
  m_Icon: {fileID: 0}
  m_NavMeshLayer: 0
  m_StaticEditorFlags: 0
  m_IsActive: 1
--- !u!4 &3542060403844282312
Transform:
  m_ObjectHideFlags: 0
  m_CorrespondingSourceObject: {fileID: 0}
  m_PrefabInstance: {fileID: 0}
  m_PrefabAsset: {fileID: 0}
  m_GameObject: {fileID: 3640755821278810651}
  m_LocalRotation: {x: 0, y: 0, z: 0, w: 1}
  m_LocalPosition: {x: 0, y: 0, z: 0}
  m_LocalScale: {x: 1, y: 1, z: 1}
  m_Children:
  - {fileID: 5867209803982794973}
  - {fileID: 7772464248212807305}
  m_Father: {fileID: 0}
  m_RootOrder: 0
  m_LocalEulerAnglesHint: {x: 0, y: 0, z: 0}
--- !u!1 &3899271146828050464
GameObject:
  m_ObjectHideFlags: 0
  m_CorrespondingSourceObject: {fileID: 0}
  m_PrefabInstance: {fileID: 0}
  m_PrefabAsset: {fileID: 0}
  serializedVersion: 6
  m_Component:
  - component: {fileID: 7772464248212807305}
  m_Layer: 0
  m_Name: Antennas
  m_TagString: Untagged
  m_Icon: {fileID: 0}
  m_NavMeshLayer: 0
  m_StaticEditorFlags: 0
  m_IsActive: 1
--- !u!4 &7772464248212807305
Transform:
  m_ObjectHideFlags: 0
  m_CorrespondingSourceObject: {fileID: 0}
  m_PrefabInstance: {fileID: 0}
  m_PrefabAsset: {fileID: 0}
  m_GameObject: {fileID: 3899271146828050464}
  m_LocalRotation: {x: -0, y: -0, z: -0, w: 1}
  m_LocalPosition: {x: 0, y: 1.6, z: 0}
  m_LocalScale: {x: 1, y: 1, z: 1}
  m_Children:
  - {fileID: 4328570070702446317}
  - {fileID: 6776118637863562714}
  - {fileID: 6277795856196437681}
  - {fileID: 7527860262941811070}
  - {fileID: 7085006878611836370}
  - {fileID: 7755156646405769837}
  - {fileID: 8327306039970829972}
  m_Father: {fileID: 3542060403844282312}
  m_RootOrder: 1
  m_LocalEulerAnglesHint: {x: 0, y: 0, z: 0}
--- !u!1001 &4324248975238653849
PrefabInstance:
  m_ObjectHideFlags: 0
  serializedVersion: 2
  m_Modification:
    m_TransformParent: {fileID: 7772464248212807305}
    m_Modifications:
    - target: {fileID: 1997306976363430, guid: 672edbc300fa6bd439cf13ff7878bdea, type: 3}
      propertyPath: m_Name
      value: televserion antenna prefab (1)
      objectReference: {fileID: 0}
    - target: {fileID: 4778492850418036, guid: 672edbc300fa6bd439cf13ff7878bdea, type: 3}
      propertyPath: m_RootOrder
      value: 0
      objectReference: {fileID: 0}
    - target: {fileID: 4778492850418036, guid: 672edbc300fa6bd439cf13ff7878bdea, type: 3}
      propertyPath: m_LocalPosition.x
      value: -0.11424255
      objectReference: {fileID: 0}
    - target: {fileID: 4778492850418036, guid: 672edbc300fa6bd439cf13ff7878bdea, type: 3}
      propertyPath: m_LocalPosition.y
      value: 1.2
      objectReference: {fileID: 0}
    - target: {fileID: 4778492850418036, guid: 672edbc300fa6bd439cf13ff7878bdea, type: 3}
      propertyPath: m_LocalPosition.z
      value: -1.270874
      objectReference: {fileID: 0}
    - target: {fileID: 4778492850418036, guid: 672edbc300fa6bd439cf13ff7878bdea, type: 3}
      propertyPath: m_LocalRotation.w
      value: 0.8686482
      objectReference: {fileID: 0}
    - target: {fileID: 4778492850418036, guid: 672edbc300fa6bd439cf13ff7878bdea, type: 3}
      propertyPath: m_LocalRotation.x
      value: -0
      objectReference: {fileID: 0}
    - target: {fileID: 4778492850418036, guid: 672edbc300fa6bd439cf13ff7878bdea, type: 3}
      propertyPath: m_LocalRotation.y
      value: -0.49542946
      objectReference: {fileID: 0}
    - target: {fileID: 4778492850418036, guid: 672edbc300fa6bd439cf13ff7878bdea, type: 3}
      propertyPath: m_LocalRotation.z
      value: -0
      objectReference: {fileID: 0}
    - target: {fileID: 4778492850418036, guid: 672edbc300fa6bd439cf13ff7878bdea, type: 3}
      propertyPath: m_LocalEulerAnglesHint.x
      value: 0
      objectReference: {fileID: 0}
    - target: {fileID: 4778492850418036, guid: 672edbc300fa6bd439cf13ff7878bdea, type: 3}
      propertyPath: m_LocalEulerAnglesHint.y
      value: -80.075
      objectReference: {fileID: 0}
    - target: {fileID: 4778492850418036, guid: 672edbc300fa6bd439cf13ff7878bdea, type: 3}
      propertyPath: m_LocalEulerAnglesHint.z
      value: 0
      objectReference: {fileID: 0}
    m_RemovedComponents: []
  m_SourcePrefab: {fileID: 100100000, guid: 672edbc300fa6bd439cf13ff7878bdea, type: 3}
--- !u!4 &4328570070702446317 stripped
Transform:
  m_CorrespondingSourceObject: {fileID: 4778492850418036, guid: 672edbc300fa6bd439cf13ff7878bdea,
    type: 3}
  m_PrefabInstance: {fileID: 4324248975238653849}
  m_PrefabAsset: {fileID: 0}
--- !u!1001 &6261759704434218806
PrefabInstance:
  m_ObjectHideFlags: 0
  serializedVersion: 2
  m_Modification:
    m_TransformParent: {fileID: 3542060403844282312}
    m_Modifications:
    - target: {fileID: -8679921383154817045, guid: 0638d588357b6d6449785574bc8b8f98,
        type: 3}
      propertyPath: m_RootOrder
      value: 0
      objectReference: {fileID: 0}
    - target: {fileID: -8679921383154817045, guid: 0638d588357b6d6449785574bc8b8f98,
        type: 3}
      propertyPath: m_LocalScale.x
      value: 1
      objectReference: {fileID: 0}
    - target: {fileID: -8679921383154817045, guid: 0638d588357b6d6449785574bc8b8f98,
        type: 3}
      propertyPath: m_LocalScale.y
      value: 1
      objectReference: {fileID: 0}
    - target: {fileID: -8679921383154817045, guid: 0638d588357b6d6449785574bc8b8f98,
        type: 3}
      propertyPath: m_LocalScale.z
      value: 1
      objectReference: {fileID: 0}
    - target: {fileID: -8679921383154817045, guid: 0638d588357b6d6449785574bc8b8f98,
        type: 3}
      propertyPath: m_LocalPosition.x
      value: 0
      objectReference: {fileID: 0}
    - target: {fileID: -8679921383154817045, guid: 0638d588357b6d6449785574bc8b8f98,
        type: 3}
      propertyPath: m_LocalPosition.y
      value: 1.6
      objectReference: {fileID: 0}
    - target: {fileID: -8679921383154817045, guid: 0638d588357b6d6449785574bc8b8f98,
        type: 3}
      propertyPath: m_LocalPosition.z
      value: 0
      objectReference: {fileID: 0}
    - target: {fileID: -8679921383154817045, guid: 0638d588357b6d6449785574bc8b8f98,
        type: 3}
      propertyPath: m_LocalRotation.w
      value: 1
      objectReference: {fileID: 0}
    - target: {fileID: -8679921383154817045, guid: 0638d588357b6d6449785574bc8b8f98,
        type: 3}
      propertyPath: m_LocalRotation.x
      value: -0
      objectReference: {fileID: 0}
    - target: {fileID: -8679921383154817045, guid: 0638d588357b6d6449785574bc8b8f98,
        type: 3}
      propertyPath: m_LocalRotation.y
      value: -0
      objectReference: {fileID: 0}
    - target: {fileID: -8679921383154817045, guid: 0638d588357b6d6449785574bc8b8f98,
        type: 3}
      propertyPath: m_LocalRotation.z
      value: -0
      objectReference: {fileID: 0}
    - target: {fileID: -8679921383154817045, guid: 0638d588357b6d6449785574bc8b8f98,
        type: 3}
      propertyPath: m_LocalEulerAnglesHint.x
      value: 0
      objectReference: {fileID: 0}
    - target: {fileID: -8679921383154817045, guid: 0638d588357b6d6449785574bc8b8f98,
        type: 3}
      propertyPath: m_LocalEulerAnglesHint.y
      value: -20.679
      objectReference: {fileID: 0}
    - target: {fileID: -8679921383154817045, guid: 0638d588357b6d6449785574bc8b8f98,
        type: 3}
      propertyPath: m_LocalEulerAnglesHint.z
      value: 0
      objectReference: {fileID: 0}
    - target: {fileID: 919132149155446097, guid: 0638d588357b6d6449785574bc8b8f98,
        type: 3}
      propertyPath: m_Name
      value: Caravan
      objectReference: {fileID: 0}
    m_RemovedComponents: []
  m_SourcePrefab: {fileID: 100100000, guid: 0638d588357b6d6449785574bc8b8f98, type: 3}
--- !u!4 &5867209803982794973 stripped
Transform:
  m_CorrespondingSourceObject: {fileID: -8679921383154817045, guid: 0638d588357b6d6449785574bc8b8f98,
    type: 3}
  m_PrefabInstance: {fileID: 6261759704434218806}
  m_PrefabAsset: {fileID: 0}
--- !u!1001 &6273457185744435141
PrefabInstance:
  m_ObjectHideFlags: 0
  serializedVersion: 2
  m_Modification:
    m_TransformParent: {fileID: 7772464248212807305}
    m_Modifications:
    - target: {fileID: 1997306976363430, guid: 672edbc300fa6bd439cf13ff7878bdea, type: 3}
      propertyPath: m_Name
      value: televserion antenna prefab (3)
      objectReference: {fileID: 0}
    - target: {fileID: 4778492850418036, guid: 672edbc300fa6bd439cf13ff7878bdea, type: 3}
      propertyPath: m_RootOrder
      value: 2
      objectReference: {fileID: 0}
    - target: {fileID: 4778492850418036, guid: 672edbc300fa6bd439cf13ff7878bdea, type: 3}
      propertyPath: m_LocalPosition.x
      value: 0.73962784
      objectReference: {fileID: 0}
    - target: {fileID: 4778492850418036, guid: 672edbc300fa6bd439cf13ff7878bdea, type: 3}
      propertyPath: m_LocalPosition.y
      value: 1.2
      objectReference: {fileID: 0}
    - target: {fileID: 4778492850418036, guid: 672edbc300fa6bd439cf13ff7878bdea, type: 3}
      propertyPath: m_LocalPosition.z
      value: 0.99134445
      objectReference: {fileID: 0}
    - target: {fileID: 4778492850418036, guid: 672edbc300fa6bd439cf13ff7878bdea, type: 3}
      propertyPath: m_LocalRotation.w
      value: -0.3306675
      objectReference: {fileID: 0}
    - target: {fileID: 4778492850418036, guid: 672edbc300fa6bd439cf13ff7878bdea, type: 3}
      propertyPath: m_LocalRotation.x
      value: -0
      objectReference: {fileID: 0}
    - target: {fileID: 4778492850418036, guid: 672edbc300fa6bd439cf13ff7878bdea, type: 3}
      propertyPath: m_LocalRotation.y
      value: 0.9437474
      objectReference: {fileID: 0}
    - target: {fileID: 4778492850418036, guid: 672edbc300fa6bd439cf13ff7878bdea, type: 3}
      propertyPath: m_LocalRotation.z
      value: -0
      objectReference: {fileID: 0}
    - target: {fileID: 4778492850418036, guid: 672edbc300fa6bd439cf13ff7878bdea, type: 3}
      propertyPath: m_LocalEulerAnglesHint.x
      value: 0
      objectReference: {fileID: 0}
    - target: {fileID: 4778492850418036, guid: 672edbc300fa6bd439cf13ff7878bdea, type: 3}
      propertyPath: m_LocalEulerAnglesHint.y
      value: 197.94
      objectReference: {fileID: 0}
    - target: {fileID: 4778492850418036, guid: 672edbc300fa6bd439cf13ff7878bdea, type: 3}
      propertyPath: m_LocalEulerAnglesHint.z
      value: 0
      objectReference: {fileID: 0}
    m_RemovedComponents: []
  m_SourcePrefab: {fileID: 100100000, guid: 672edbc300fa6bd439cf13ff7878bdea, type: 3}
--- !u!4 &6277795856196437681 stripped
Transform:
  m_CorrespondingSourceObject: {fileID: 4778492850418036, guid: 672edbc300fa6bd439cf13ff7878bdea,
    type: 3}
  m_PrefabInstance: {fileID: 6273457185744435141}
  m_PrefabAsset: {fileID: 0}
--- !u!1001 &6780558451042671790
PrefabInstance:
  m_ObjectHideFlags: 0
  serializedVersion: 2
  m_Modification:
    m_TransformParent: {fileID: 7772464248212807305}
    m_Modifications:
    - target: {fileID: 1997306976363430, guid: 672edbc300fa6bd439cf13ff7878bdea, type: 3}
      propertyPath: m_Name
      value: televserion antenna prefab (2)
      objectReference: {fileID: 0}
    - target: {fileID: 4778492850418036, guid: 672edbc300fa6bd439cf13ff7878bdea, type: 3}
      propertyPath: m_RootOrder
      value: 1
      objectReference: {fileID: 0}
    - target: {fileID: 4778492850418036, guid: 672edbc300fa6bd439cf13ff7878bdea, type: 3}
      propertyPath: m_LocalPosition.x
      value: 0.3607216
      objectReference: {fileID: 0}
    - target: {fileID: 4778492850418036, guid: 672edbc300fa6bd439cf13ff7878bdea, type: 3}
      propertyPath: m_LocalPosition.y
      value: 1.2
      objectReference: {fileID: 0}
    - target: {fileID: 4778492850418036, guid: 672edbc300fa6bd439cf13ff7878bdea, type: 3}
      propertyPath: m_LocalPosition.z
      value: -0.012527466
      objectReference: {fileID: 0}
    - target: {fileID: 4778492850418036, guid: 672edbc300fa6bd439cf13ff7878bdea, type: 3}
      propertyPath: m_LocalRotation.w
      value: 0.6720474
      objectReference: {fileID: 0}
    - target: {fileID: 4778492850418036, guid: 672edbc300fa6bd439cf13ff7878bdea, type: 3}
      propertyPath: m_LocalRotation.x
      value: -0
      objectReference: {fileID: 0}
    - target: {fileID: 4778492850418036, guid: 672edbc300fa6bd439cf13ff7878bdea, type: 3}
      propertyPath: m_LocalRotation.y
      value: -0.7405082
      objectReference: {fileID: 0}
    - target: {fileID: 4778492850418036, guid: 672edbc300fa6bd439cf13ff7878bdea, type: 3}
      propertyPath: m_LocalRotation.z
      value: -0
      objectReference: {fileID: 0}
    - target: {fileID: 4778492850418036, guid: 672edbc300fa6bd439cf13ff7878bdea, type: 3}
      propertyPath: m_LocalEulerAnglesHint.x
      value: 0
      objectReference: {fileID: 0}
    - target: {fileID: 4778492850418036, guid: 672edbc300fa6bd439cf13ff7878bdea, type: 3}
      propertyPath: m_LocalEulerAnglesHint.y
      value: -116.228
      objectReference: {fileID: 0}
    - target: {fileID: 4778492850418036, guid: 672edbc300fa6bd439cf13ff7878bdea, type: 3}
      propertyPath: m_LocalEulerAnglesHint.z
      value: 0
      objectReference: {fileID: 0}
    m_RemovedComponents: []
  m_SourcePrefab: {fileID: 100100000, guid: 672edbc300fa6bd439cf13ff7878bdea, type: 3}
--- !u!4 &6776118637863562714 stripped
Transform:
  m_CorrespondingSourceObject: {fileID: 4778492850418036, guid: 672edbc300fa6bd439cf13ff7878bdea,
    type: 3}
  m_PrefabInstance: {fileID: 6780558451042671790}
  m_PrefabAsset: {fileID: 0}
--- !u!1001 &7080778141579525286
PrefabInstance:
  m_ObjectHideFlags: 0
  serializedVersion: 2
  m_Modification:
    m_TransformParent: {fileID: 7772464248212807305}
    m_Modifications:
    - target: {fileID: 1997306976363430, guid: 672edbc300fa6bd439cf13ff7878bdea, type: 3}
      propertyPath: m_Name
      value: televserion antenna prefab (5)
      objectReference: {fileID: 0}
    - target: {fileID: 4778492850418036, guid: 672edbc300fa6bd439cf13ff7878bdea, type: 3}
      propertyPath: m_RootOrder
      value: 4
      objectReference: {fileID: 0}
    - target: {fileID: 4778492850418036, guid: 672edbc300fa6bd439cf13ff7878bdea, type: 3}
      propertyPath: m_LocalPosition.x
      value: 0.503006
      objectReference: {fileID: 0}
    - target: {fileID: 4778492850418036, guid: 672edbc300fa6bd439cf13ff7878bdea, type: 3}
      propertyPath: m_LocalPosition.y
      value: 1.2
      objectReference: {fileID: 0}
    - target: {fileID: 4778492850418036, guid: 672edbc300fa6bd439cf13ff7878bdea, type: 3}
      propertyPath: m_LocalPosition.z
      value: 1.8256569
      objectReference: {fileID: 0}
    - target: {fileID: 4778492850418036, guid: 672edbc300fa6bd439cf13ff7878bdea, type: 3}
      propertyPath: m_LocalRotation.w
      value: 0.24644038
      objectReference: {fileID: 0}
    - target: {fileID: 4778492850418036, guid: 672edbc300fa6bd439cf13ff7878bdea, type: 3}
      propertyPath: m_LocalRotation.x
      value: -0
      objectReference: {fileID: 0}
    - target: {fileID: 4778492850418036, guid: 672edbc300fa6bd439cf13ff7878bdea, type: 3}
      propertyPath: m_LocalRotation.y
      value: 0.96915793
      objectReference: {fileID: 0}
    - target: {fileID: 4778492850418036, guid: 672edbc300fa6bd439cf13ff7878bdea, type: 3}
      propertyPath: m_LocalRotation.z
      value: -0
      objectReference: {fileID: 0}
    - target: {fileID: 4778492850418036, guid: 672edbc300fa6bd439cf13ff7878bdea, type: 3}
      propertyPath: m_LocalEulerAnglesHint.x
      value: 0
      objectReference: {fileID: 0}
    - target: {fileID: 4778492850418036, guid: 672edbc300fa6bd439cf13ff7878bdea, type: 3}
      propertyPath: m_LocalEulerAnglesHint.y
      value: 130.787
      objectReference: {fileID: 0}
    - target: {fileID: 4778492850418036, guid: 672edbc300fa6bd439cf13ff7878bdea, type: 3}
      propertyPath: m_LocalEulerAnglesHint.z
      value: 0
      objectReference: {fileID: 0}
    m_RemovedComponents: []
  m_SourcePrefab: {fileID: 100100000, guid: 672edbc300fa6bd439cf13ff7878bdea, type: 3}
--- !u!4 &7085006878611836370 stripped
Transform:
  m_CorrespondingSourceObject: {fileID: 4778492850418036, guid: 672edbc300fa6bd439cf13ff7878bdea,
    type: 3}
  m_PrefabInstance: {fileID: 7080778141579525286}
  m_PrefabAsset: {fileID: 0}
--- !u!1001 &7523455616946655242
PrefabInstance:
  m_ObjectHideFlags: 0
  serializedVersion: 2
  m_Modification:
    m_TransformParent: {fileID: 7772464248212807305}
    m_Modifications:
    - target: {fileID: 1997306976363430, guid: 672edbc300fa6bd439cf13ff7878bdea, type: 3}
      propertyPath: m_Name
      value: televserion antenna prefab (4)
      objectReference: {fileID: 0}
    - target: {fileID: 4778492850418036, guid: 672edbc300fa6bd439cf13ff7878bdea, type: 3}
      propertyPath: m_RootOrder
      value: 3
      objectReference: {fileID: 0}
    - target: {fileID: 4778492850418036, guid: 672edbc300fa6bd439cf13ff7878bdea, type: 3}
      propertyPath: m_LocalPosition.x
      value: -0.16149521
      objectReference: {fileID: 0}
    - target: {fileID: 4778492850418036, guid: 672edbc300fa6bd439cf13ff7878bdea, type: 3}
      propertyPath: m_LocalPosition.y
      value: 1.2
      objectReference: {fileID: 0}
    - target: {fileID: 4778492850418036, guid: 672edbc300fa6bd439cf13ff7878bdea, type: 3}
      propertyPath: m_LocalPosition.z
      value: 1.8520088
      objectReference: {fileID: 0}
    - target: {fileID: 4778492850418036, guid: 672edbc300fa6bd439cf13ff7878bdea, type: 3}
      propertyPath: m_LocalRotation.w
      value: 0.8734367
      objectReference: {fileID: 0}
    - target: {fileID: 4778492850418036, guid: 672edbc300fa6bd439cf13ff7878bdea, type: 3}
      propertyPath: m_LocalRotation.x
      value: -0
      objectReference: {fileID: 0}
    - target: {fileID: 4778492850418036, guid: 672edbc300fa6bd439cf13ff7878bdea, type: 3}
      propertyPath: m_LocalRotation.y
      value: 0.48693767
      objectReference: {fileID: 0}
    - target: {fileID: 4778492850418036, guid: 672edbc300fa6bd439cf13ff7878bdea, type: 3}
      propertyPath: m_LocalRotation.z
      value: -0
      objectReference: {fileID: 0}
    - target: {fileID: 4778492850418036, guid: 672edbc300fa6bd439cf13ff7878bdea, type: 3}
      propertyPath: m_LocalEulerAnglesHint.x
      value: 0
      objectReference: {fileID: 0}
    - target: {fileID: 4778492850418036, guid: 672edbc300fa6bd439cf13ff7878bdea, type: 3}
      propertyPath: m_LocalEulerAnglesHint.y
      value: 37.6
      objectReference: {fileID: 0}
    - target: {fileID: 4778492850418036, guid: 672edbc300fa6bd439cf13ff7878bdea, type: 3}
      propertyPath: m_LocalEulerAnglesHint.z
      value: 0
      objectReference: {fileID: 0}
    m_RemovedComponents: []
  m_SourcePrefab: {fileID: 100100000, guid: 672edbc300fa6bd439cf13ff7878bdea, type: 3}
--- !u!4 &7527860262941811070 stripped
Transform:
  m_CorrespondingSourceObject: {fileID: 4778492850418036, guid: 672edbc300fa6bd439cf13ff7878bdea,
    type: 3}
  m_PrefabInstance: {fileID: 7523455616946655242}
  m_PrefabAsset: {fileID: 0}
--- !u!1001 &7750452937539697433
PrefabInstance:
  m_ObjectHideFlags: 0
  serializedVersion: 2
  m_Modification:
    m_TransformParent: {fileID: 7772464248212807305}
    m_Modifications:
    - target: {fileID: 1997306976363430, guid: 672edbc300fa6bd439cf13ff7878bdea, type: 3}
      propertyPath: m_Name
      value: televserion antenna prefab (6)
      objectReference: {fileID: 0}
    - target: {fileID: 4778492850418036, guid: 672edbc300fa6bd439cf13ff7878bdea, type: 3}
      propertyPath: m_RootOrder
      value: 5
      objectReference: {fileID: 0}
    - target: {fileID: 4778492850418036, guid: 672edbc300fa6bd439cf13ff7878bdea, type: 3}
      propertyPath: m_LocalPosition.x
      value: 0.72537994
      objectReference: {fileID: 0}
    - target: {fileID: 4778492850418036, guid: 672edbc300fa6bd439cf13ff7878bdea, type: 3}
      propertyPath: m_LocalPosition.y
      value: 1.2
      objectReference: {fileID: 0}
    - target: {fileID: 4778492850418036, guid: 672edbc300fa6bd439cf13ff7878bdea, type: 3}
      propertyPath: m_LocalPosition.z
      value: -1.0683212
      objectReference: {fileID: 0}
    - target: {fileID: 4778492850418036, guid: 672edbc300fa6bd439cf13ff7878bdea, type: 3}
      propertyPath: m_LocalRotation.w
      value: 0.34146047
      objectReference: {fileID: 0}
    - target: {fileID: 4778492850418036, guid: 672edbc300fa6bd439cf13ff7878bdea, type: 3}
      propertyPath: m_LocalRotation.x
      value: -0
      objectReference: {fileID: 0}
    - target: {fileID: 4778492850418036, guid: 672edbc300fa6bd439cf13ff7878bdea, type: 3}
      propertyPath: m_LocalRotation.y
      value: 0.9398961
      objectReference: {fileID: 0}
    - target: {fileID: 4778492850418036, guid: 672edbc300fa6bd439cf13ff7878bdea, type: 3}
      propertyPath: m_LocalRotation.z
      value: -0
      objectReference: {fileID: 0}
    - target: {fileID: 4778492850418036, guid: 672edbc300fa6bd439cf13ff7878bdea, type: 3}
      propertyPath: m_LocalEulerAnglesHint.x
      value: 0
      objectReference: {fileID: 0}
    - target: {fileID: 4778492850418036, guid: 672edbc300fa6bd439cf13ff7878bdea, type: 3}
      propertyPath: m_LocalEulerAnglesHint.y
      value: 119.389
      objectReference: {fileID: 0}
    - target: {fileID: 4778492850418036, guid: 672edbc300fa6bd439cf13ff7878bdea, type: 3}
      propertyPath: m_LocalEulerAnglesHint.z
      value: 0
      objectReference: {fileID: 0}
    m_RemovedComponents: []
  m_SourcePrefab: {fileID: 100100000, guid: 672edbc300fa6bd439cf13ff7878bdea, type: 3}
--- !u!4 &7755156646405769837 stripped
Transform:
  m_CorrespondingSourceObject: {fileID: 4778492850418036, guid: 672edbc300fa6bd439cf13ff7878bdea,
    type: 3}
  m_PrefabInstance: {fileID: 7750452937539697433}
  m_PrefabAsset: {fileID: 0}
--- !u!1001 &8322778257263175648
PrefabInstance:
  m_ObjectHideFlags: 0
  serializedVersion: 2
  m_Modification:
    m_TransformParent: {fileID: 7772464248212807305}
    m_Modifications:
    - target: {fileID: 1997306976363430, guid: 672edbc300fa6bd439cf13ff7878bdea, type: 3}
      propertyPath: m_Name
      value: televserion antenna prefab
      objectReference: {fileID: 0}
    - target: {fileID: 4778492850418036, guid: 672edbc300fa6bd439cf13ff7878bdea, type: 3}
      propertyPath: m_RootOrder
      value: 6
      objectReference: {fileID: 0}
    - target: {fileID: 4778492850418036, guid: 672edbc300fa6bd439cf13ff7878bdea, type: 3}
      propertyPath: m_LocalPosition.x
      value: -0.32073593
      objectReference: {fileID: 0}
    - target: {fileID: 4778492850418036, guid: 672edbc300fa6bd439cf13ff7878bdea, type: 3}
      propertyPath: m_LocalPosition.y
      value: 1.2
      objectReference: {fileID: 0}
    - target: {fileID: 4778492850418036, guid: 672edbc300fa6bd439cf13ff7878bdea, type: 3}
      propertyPath: m_LocalPosition.z
      value: 0.8411102
      objectReference: {fileID: 0}
    - target: {fileID: 4778492850418036, guid: 672edbc300fa6bd439cf13ff7878bdea, type: 3}
      propertyPath: m_LocalRotation.w
      value: 0.9837616
      objectReference: {fileID: 0}
    - target: {fileID: 4778492850418036, guid: 672edbc300fa6bd439cf13ff7878bdea, type: 3}
      propertyPath: m_LocalRotation.x
      value: -0
      objectReference: {fileID: 0}
    - target: {fileID: 4778492850418036, guid: 672edbc300fa6bd439cf13ff7878bdea, type: 3}
      propertyPath: m_LocalRotation.y
      value: 0.17948036
      objectReference: {fileID: 0}
    - target: {fileID: 4778492850418036, guid: 672edbc300fa6bd439cf13ff7878bdea, type: 3}
      propertyPath: m_LocalRotation.z
      value: -0
      objectReference: {fileID: 0}
    - target: {fileID: 4778492850418036, guid: 672edbc300fa6bd439cf13ff7878bdea, type: 3}
      propertyPath: m_LocalEulerAnglesHint.x
      value: 0
      objectReference: {fileID: 0}
    - target: {fileID: 4778492850418036, guid: 672edbc300fa6bd439cf13ff7878bdea, type: 3}
      propertyPath: m_LocalEulerAnglesHint.y
      value: 0
      objectReference: {fileID: 0}
    - target: {fileID: 4778492850418036, guid: 672edbc300fa6bd439cf13ff7878bdea, type: 3}
      propertyPath: m_LocalEulerAnglesHint.z
      value: 0
      objectReference: {fileID: 0}
    m_RemovedComponents: []
  m_SourcePrefab: {fileID: 100100000, guid: 672edbc300fa6bd439cf13ff7878bdea, type: 3}
--- !u!4 &8327306039970829972 stripped
Transform:
  m_CorrespondingSourceObject: {fileID: 4778492850418036, guid: 672edbc300fa6bd439cf13ff7878bdea,
    type: 3}
  m_PrefabInstance: {fileID: 8322778257263175648}
  m_PrefabAsset: {fileID: 0}
