%YAML 1.1
%TAG !u! tag:unity3d.com,2011:
--- !u!244 &-7252244476260499023
AudioMixerEffectController:
  m_ObjectHideFlags: 3
  m_CorrespondingSourceObject: {fileID: 0}
  m_PrefabInstance: {fileID: 0}
  m_PrefabAsset: {fileID: 0}
  m_Name: 
  m_EffectID: bccdef9a02db49443b5b5084b1456d2b
  m_EffectName: Attenuation
  m_MixLevel: 9a6772a7e1cf41d419dd23ad151692d1
  m_Parameters: []
  m_SendTarget: {fileID: 0}
  m_EnableWetMix: 0
  m_Bypass: 0
--- !u!244 &-7090106933280045711
AudioMixerEffectController:
  m_ObjectHideFlags: 3
  m_CorrespondingSourceObject: {fileID: 0}
  m_PrefabInstance: {fileID: 0}
  m_PrefabAsset: {fileID: 0}
  m_Name: 
  m_EffectID: da8e0011acced6247b8dc8b5bda62f33
  m_EffectName: Attenuation
  m_MixLevel: a9ee0391c02e63549a2ec8ea5ddc5c51
  m_Parameters: []
  m_SendTarget: {fileID: 0}
  m_EnableWetMix: 0
  m_Bypass: 0
--- !u!243 &-5098423594940646071
AudioMixerGroupController:
  m_ObjectHideFlags: 0
  m_CorrespondingSourceObject: {fileID: 0}
  m_PrefabInstance: {fileID: 0}
  m_PrefabAsset: {fileID: 0}
  m_Name: Voice
  m_AudioMixer: {fileID: 24100000}
  m_GroupID: 0d5c87768ae1f234e89b3b03e64c3210
  m_Children: []
  m_Volume: 24db18e49a2a499469cd7d37571d84c6
  m_Pitch: 71ec6db8a7d89d544b6da474ff2a81c6
  m_Send: 00000000000000000000000000000000
  m_Effects:
  - {fileID: -7252244476260499023}
  m_UserColorIndex: 0
  m_Mute: 0
  m_Solo: 0
  m_BypassEffects: 0
--- !u!241 &24100000
AudioMixerController:
  m_ObjectHideFlags: 0
  m_CorrespondingSourceObject: {fileID: 0}
  m_PrefabInstance: {fileID: 0}
  m_PrefabAsset: {fileID: 0}
  m_Name: AudioMixer
  m_OutputGroup: {fileID: 0}
  m_MasterGroup: {fileID: 24300002}
  m_Snapshots:
  - {fileID: 24500006}
  m_StartSnapshot: {fileID: 24500006}
  m_SuspendThreshold: -80
  m_EnableSuspend: 1
  m_UpdateMode: 0
  m_ExposedParameters: []
  m_AudioMixerGroupViews:
  - guids:
    - 6ad5bd11ef6247644a26b8a7f1567350
    - 13768e432015458488bd1b3cfb59c253
    - 0d57ea308743a544694831583b69fd2f
    - 0d5c87768ae1f234e89b3b03e64c3210
    name: View
  m_CurrentViewIndex: 0
  m_TargetSnapshot: {fileID: 24500006}
--- !u!243 &24300002
AudioMixerGroupController:
  m_ObjectHideFlags: 0
  m_CorrespondingSourceObject: {fileID: 0}
  m_PrefabInstance: {fileID: 0}
  m_PrefabAsset: {fileID: 0}
  m_Name: Master
  m_AudioMixer: {fileID: 24100000}
  m_GroupID: 6ad5bd11ef6247644a26b8a7f1567350
  m_Children:
  - {fileID: 8227520429485438919}
  - {fileID: 8957423795584309301}
  - {fileID: -5098423594940646071}
  m_Volume: 4bf37c439759fa64d9be665b22e9bcf9
  m_Pitch: c5827477b4ef77e4784523a2bb408a6c
  m_Send: 00000000000000000000000000000000
  m_Effects:
  - {fileID: 24400004}
  m_UserColorIndex: 0
  m_Mute: 0
  m_Solo: 0
  m_BypassEffects: 0
--- !u!244 &24400004
AudioMixerEffectController:
  m_ObjectHideFlags: 3
  m_CorrespondingSourceObject: {fileID: 0}
  m_PrefabInstance: {fileID: 0}
  m_PrefabAsset: {fileID: 0}
  m_Name: 
  m_EffectID: cfd220be5dbe7b246ad0b511e8810147
  m_EffectName: Attenuation
  m_MixLevel: 62087e80753827046b1fa8d8477a9f86
  m_Parameters: []
  m_SendTarget: {fileID: 0}
  m_EnableWetMix: 0
  m_Bypass: 0
--- !u!245 &24500006
AudioMixerSnapshotController:
  m_ObjectHideFlags: 0
  m_CorrespondingSourceObject: {fileID: 0}
  m_PrefabInstance: {fileID: 0}
  m_PrefabAsset: {fileID: 0}
  m_Name: Snapshot
  m_AudioMixer: {fileID: 24100000}
  m_SnapshotID: 3147024a393f49c48ba0ec38b7481408
  m_FloatValues: {}
  m_TransitionOverrides: {}
--- !u!244 &7841671737025674994
AudioMixerEffectController:
  m_ObjectHideFlags: 3
  m_CorrespondingSourceObject: {fileID: 0}
  m_PrefabInstance: {fileID: 0}
  m_PrefabAsset: {fileID: 0}
  m_Name: 
  m_EffectID: 9c715d507fc58474487e008e03ad19e1
  m_EffectName: Attenuation
  m_MixLevel: 6fe1bcbf1ee1edf458ec77fcd6ff58f7
  m_Parameters: []
  m_SendTarget: {fileID: 0}
  m_EnableWetMix: 0
  m_Bypass: 0
--- !u!243 &8227520429485438919
AudioMixerGroupController:
  m_ObjectHideFlags: 0
  m_CorrespondingSourceObject: {fileID: 0}
  m_PrefabInstance: {fileID: 0}
  m_PrefabAsset: {fileID: 0}
  m_Name: Music
  m_AudioMixer: {fileID: 24100000}
  m_GroupID: 13768e432015458488bd1b3cfb59c253
  m_Children: []
  m_Volume: da8548909a975b6499bf838de4b2b01e
  m_Pitch: 27c13115d09c58c4b9570717b0568856
  m_Send: 00000000000000000000000000000000
  m_Effects:
  - {fileID: -7090106933280045711}
  m_UserColorIndex: 0
  m_Mute: 0
  m_Solo: 0
  m_BypassEffects: 0
--- !u!243 &8957423795584309301
AudioMixerGroupController:
  m_ObjectHideFlags: 0
  m_CorrespondingSourceObject: {fileID: 0}
  m_PrefabInstance: {fileID: 0}
  m_PrefabAsset: {fileID: 0}
  m_Name: SFX
  m_AudioMixer: {fileID: 24100000}
  m_GroupID: 0d57ea308743a544694831583b69fd2f
  m_Children: []
  m_Volume: 6c2453ce43104d24aae086fd7252ca1f
  m_Pitch: 3d657692d70cf73498d890523ee3ce18
  m_Send: 00000000000000000000000000000000
  m_Effects:
  - {fileID: 7841671737025674994}
  m_UserColorIndex: 0
  m_Mute: 0
  m_Solo: 0
  m_BypassEffects: 0
